|0000|006|0|0||01112025|30112025|CARVALHO E LAURENTI COMERCIO LTDA|53614153000195|MG|3138203||00|2|
|0001|0|
|0100|Cleber Magno Moreira CRC:054970|56395779672|62338|34197254000163|00000000|Av. Padre Dehon, 507 - Centenário - Lavras/MG|37.200-146|||3538213338||cmmconsultoria25@gmail.com|3138203|
|0110|1|1|1||
|0140|1|CARVALHO E LAURENTI COMERCIO LTDA|53614153000195|MG|0048043920052|3138203|||
|0150|17154899000108|CONSTRUTORA MELLO AZEVEDO|1058|17154899000108||0620019820037|3106200||AVENIDA DO CONTORNO|6777|ANDAR 3|FUNCIONáRIOS|
|0150|68346794800|FRANCISCO MARINS PALACIO|1058||68346794800||3134509||FAZENDA VARGEM GRANDE|SN||ZONA RURAL|
|0150|27902801000107|COSTA RIBEIRO SERVIÇOS EMPRESARIAIS LTDA|1058|27902801000107||0029803210025|3138203||AVENIDA CORONEL JUVENTINO DIAS TEIXEIRA|1775||VILA ROSALINA|
|0150|63374710000100|COSTA RIBERIRO SOLUÇŐES EM EPIS|1058|63374710000100||0053412010073|3138203||RUA CHAGAS DóRIA|812||SERRA AZUL|
|0150|22073381000171|HOSPITAL VAZ MONTEIRO|1058|22073381000171|||3138203||RUA COSTA PEREIRA|125||CENTRO|
|0150|47786402000127|CENTRO ESPIRITA BENEFICIENTE UNIAO DO VEGETAL DISTRIBUICAO A|1058|47786402000127|||3130804||RODOVIA BR354|SN||ZONA RURAL|
|0150|08112721000103|COOPERATIVA DE PRODUÇĂO DE LEITE DO MUNICIPIO DE BOM SUCESSO|1058|08112721000103||0010099660024|3108008||RUA C|271||APARECIDA|
|0150|53516507000169|AUTO POSTO BRASIL PETRO LAVRAS I LTDA|1058|53516507000169||0047986500042|3138203||RUA TONIQUINHO PEREIRA|492||SăO VICENTE|
|0150|53515203000187|AUTO POSTO BRASIL PETRO LAVRAS IV LTDA|1058|53515203000187||0047985650040|3138203||RODOVIA BR-265|SN||GATO PRETO|
|0150|62258884002422|INTERCEMENT BRASIL SA|1058|62258884002422||3040142062652|3130408||RODOVIA AGNESIO CARVALHO DE SOUZA|S/N||SITIO ANDREZZA|
|0190|UN|UN.|
|0190|PR|PR.|
|0190|PC|PC.|
|0190|PAR|PAR.|
|0190|MT|MT.|
|0190|KG|KG.|
|0190|CX|CX.|
|0200|10965|LUVA DE VAQUETA TAM 10 CA20601|SEM GTIN||UN|00|42032900|234|||12|
|0200|9658|PROTETOR SOLAR FPS 60 - 120G C/ REPELENTE UVA/UVB - HENLAU|SEM GTIN||UN|00|33049990|234|||12|
|0200|11268|CORDA PE ZEBRADA PRETA/AMARELA 10,0 MM - 400M - 1 CARRETEIS DE 400,00 MT/CARRETEL|7898693177009||UN|00|56074900|234|||12|
|0200|10555|LDI LUVA SAFETYTATO MOD:8010 POLIAMIDA C/BANHO PU _8_ PAR 8010/8|7899846200261||UN|00|61161000|234|||12|
|0200|7262|LUVA PU - MULTITATO - GG (10) CA29014|7898940748426||PR|00|61161000|234|||12|
|0200|6969|CAPUZ APICUL SAYRO API 030|SEM GTIN||UN|00|62114900|234|||12|
|0200|4905|OCULOS EVEREST AMPLA VISAO INCOLOR DANNY - CA 19628|SEM GTIN||UN|00|90049020|234|||12|
|0200|6258|TOUCA ARABE EM HELANCA AZUL PRIME CA 41011|SEM GTIN||UN|00|52093200|234|||12|
|0200|1565|BANDEIROLA LARANJA 30CM X 35CM|9990001015657||UN|00|63079090|234|||12|
|0200|10086|LUVA NITROBLACK NYN CA49437 TAM 8|SEM GTIN||UN|00|61161000|234|||12|
|0200|10549|LUVA NITROBLACK NYN CA49437 TAM 9|SEM GTIN||UN|00|61161000|234|||4|
|0200|10550|LUVA NITROBLACK NYN CA49437 TAM 10|SEM GTIN||UN|00|61161000|234|||4|
|0200|7638|REPELENTE SOLAR ESPANTA COBRA ESCORPIĂO RATO PRAGAS|SEM GTIN||UN|00|00000000|234|||12|
|0200|4947|LENTES INCOLOR P/ SCREEN / KIT C/ 5 - DELTA|SEM GTIN||PC|00|39206100|234|||0|
|0200|6220|ABAFADOR P/ ACOPLAR - 16DB - CA28007 - SAYRO|7898930350042||UN|00|39269090|234|||0|
|0200|3221|ABAFADOR P/ACOPLAR - 14DB - CA39477 - STEELFELX|7890988597875||PR|00|40159000|234|||0|
|0200|9531|ABAFADOR TIPO CONCHA 15DB / CA 14472 / KALIPSO|7898390940012||UN|00|40159000|234|||0|
|0200|10072|ABRAC NYLON 100X200 MM PRETA|7893946467616||UN|00|39269090|234|||0|
|0200|11039|ADESIVO DE CONTATO CASCOLA 195G HENKEL|7891200009817||UN|00|35061090|234|||0|
|0200|11076|ADESIVO DE NUMERO AVULSO - 0|SEM GTIN||UN|00|39199090|234|||0|
|0200|11077|ADESIVO DE NUMERO AVULSO - 1|SEM GTIN||UN|00|39199090|234|||0|
|0200|11163|ADESIVO DE NUMERO AVULSO - 2|SEM GTIN||UN|00|39199090|234|||0|
|0200|11079|ADESIVO DE NUMERO AVULSO - 3|SEM GTIN||UN|00|39199090|234|||0|
|0200|11078|ADESIVO DE NUMERO AVULSO - 4|SEM GTIN||UN|00|39199090|234|||0|
|0200|11080|ADESIVO DE NUMERO AVULSO - 5|SEM GTIN||UN|00|39199090|234|||0|
|0200|11081|ADESIVO DE NUMERO AVULSO - 6|SEM GTIN||UN|00|39199090|234|||0|
|0200|11082|ADESIVO DE NUMERO AVULSO - 7|SEM GTIN||UN|00|39199090|234|||0|
|0200|11083|ADESIVO DE NUMERO AVULSO - 8|SEM GTIN||UN|00|39199090|234|||0|
|0200|11084|ADESIVO DE NUMERO AVULSO - 9|SEM GTIN||UN|00|39199090|234|||0|
|0200|8505|ADESIVO INSTANTANEO 793 20G TEK BOND|SEM GTIN||UN|00|35061010|234|||0|
|0200|10790|ADESIVO VELOCIDADE MAXIMO PERMITIDO 110KM/H|SEM GTIN||UN|00|39199020|234|||0|
|0200|10786|ADESIVO VINIL PAINEL DE SEGURANCA (30-1202) OLEO DIESEL SV101 40X30CM|SEM GTIN||UN|00|39199020|234|||0|
|0200|10686|ALICATE UNIVERSAL 8_ CRV 1.000 VONDER|7893946137137||UN|00|82032010|234|||0|
|0200|6310|ALTA TENSAO CAVEIRA 15X20CM/0,80MM --- PS823|7890274018633||UN|00|39203000|234|||0|
|0200|10811|ANCINHO C/CABO 14 DENTES 954|7893946783341||UN|00|82013000|234|||0|
|0200|11432|ANILHA P/CABO DE ACO (C) 6,4-1/4 VONDER|7893946006884||UN|00|73269090|234|||0|
|0200|11433|ANILHA P/CABO DE ACO (F) 12,5-1/2 VONDER|7893946006877||UN|00|73269090|234|||0|
|0200|10738|ARCO DE SERRA 12_ AS 125 REGUL VONDER|7893946183523||UN|00|82021000|234|||0|
|0200|10087|ARMACAO DE OCULOS CA33870|SEM GTIN||UN|00|90049020|234|||0|
|0200|10193|ASCENSOR DE PUNHO PARA MĂO DIREITA|7898953238259||UN|00|76169900|234|||0|
|0200|7542|ASSENTO PARA FILTRO (603 5N11) - 3M UNIDADE|7894854026476||UN|00|39269090|234|||0|
|0200|10389|ATENCAO PROIBIDO ESTACIONAR GARAGEM 20X30CM PS04|SEM GTIN||UN|00|39203000|234|||0|
|0200|6721|AVENTAL BARBEIRO 1,20X0,60 TIPO 2 ÓTIMA CA 44794|SEM GTIN||UN|00|42032900|234|||0|
|0200|6720|AVENTAL DE RASPA SEM EMENDA 1,20X0,60 ÓTIMA CA 44737|SEM GTIN||UN|00|42032900|234|||0|
|0200|9518|AVENTAL PVC C/ CORDAO FITILHO TRANSPARENTE / CA: 44668 - PREVEMAX|SEM GTIN||UN|00|39262000|234|||0|
|0200|10017|AVENTAL PVC COM CORDAO NYLON SOLTO TRANSPARENTE - CA: 44668|SEM GTIN||UN|00|39262000|234|||0|
|0200|7841|AVENTAL PVC FORRADO BRANCO - CA 28303 - BRASCAMP|7908302907498||UN|00|62101000|234|||0|
|0200|7842|AVENTAL PVC FORRADO PRETO - CA 28303 - BRASCAMP|7898567375678||UN|00|62101000|234|||0|
|0200|3103|AVENTAL TÉRMICO CRU S/ FORRO - 90X70 CM - CA37995 - RIO VALLEY|SEM GTIN||UN|00|62101000|234|||0|
|0200|6702|AVENTAL TNT ML GR20 ABERTO COM TIRAS EMBUTIDA PROSEG (ANVISA)|SEM GTIN||UN|00|00000000|234|||0|
|0200|616|AVENTAL VINIL FITA - CA28444 - BRASCAMP|SEM GTIN||UN|00|62014000|234|||0|
|0200|10542|BAINHA DE COURO P/FACAO FIXA 16_ VONDER|7893946116385||UN|00|42029100|234|||0|
|0200|7042|BALACLAVA RISCO II - CA42429 - GUARDIAN|SEM GTIN||UN|00|62171000|234|||0|
|0200|6329|BALANCA DIGITAL DE PRECISAO 10KG - CJA|7893946562908||UN|00|00000000|234|||0|
|0200|10736|BALDE METALICO P/CONCRETO 10L 954|7893946510565||UN|00|73269090|234|||0|
|0200|10109|BALDE SEG.EM LONA C/ REFORCO|7898932585411||UN|00|42022220|234|||0|
|0200|9506|BASE DE BORRACHA PARA CONE PLASTCOR 75CM|SEM GTIN||UN|00|00000000|234|||0|
|0200|8564|BATA IMPERMEAVEL C/ ELASTICO TRANSPARENTE - CA30354 - PREVEMAX|SEM GTIN||UN|00|39262000|234|||0|
|0200|10373|BATERIA 3V 2032|SEM GTIN||UN|00|00000000|234|||0|
|0200|11422|BATERIA LITIO CR2025 3V ELE0082192 ELGIN|7897013553448||UN|00|85065010|234|||0|
|0200|680|BATOQUE DE PLASTICO COM 10CM|7898494150362||UN|00|39235000|234|||0|
|0200|10807|BICO MAGNOJET 90 GRAUS (MGA-40) M404/2 C/ 4 UNID AMARELO|SEM GTIN||UN|00|00000000|234|||0|
|0200|8324|BLUSĂO DE RASPA ALVEJADA (M) - CA27917 - CALDAS SEG|SEM GTIN||UN|00|42031000|234|||0|
|0200|10995|BLUSAO DE RASPA E TECIDO ANTI CHAMAS TKS 1010 TAM M CA37603|7905238278333||UN|00|42032900|234|||0|
|0200|11298|BLUSAO DE RASPA TEKNOALFA TECIDO ANTI CHAMAS GG CA37603|7905238278470||UN|00|42032900|234|||0|
|0200|9624|BLUSAO OP FIBRA / G / 10 CAM TIPO A / CA 46231 / SAYRO|7898484233419||UN|00|62053000|234|||0|
|0200|9623|BLUSAO OP FIBRA / M / 10 CAM TIPO A / CA 46231 / SAYRO|7898484233402||UN|00|62053000|234|||0|
|0200|7352|BOIA CLASSE III 60CM HOMOLOGADA PELA MARINHA ATIVA|SEM GTIN||UN|00|89079000|234|||0|
|0200|8129|BOLSA 300X280X100MM|SEM GTIN||UN|00|00000000|234|||0|
|0200|10719|BOLSA DE LONA 50 LITROS|SEM GTIN||UN|00|62171000|234|||0|
|0200|10191|BOLSA DE LONA TIRA COLO LIFE CINTOS|7897372151668||UN|00|42022220|234|||0|
|0200|6689|BONE ARABE / HELANCA AZUL / CA 41011 / PRIME|SEM GTIN||UN|00|65069900|234|||0|
|0200|8469|BONE ARABE / HELANCA CINZA / CA 41011 / PRIME|SEM GTIN||UN|00|65069900|234|||0|
|0200|10831|BONE ARABE / HELANCA VERDE / CA41011 / PRIME|SEM GTIN||UN|00|65050012|234|||0|
|0200|6687|BONE ARABE BRIM AZUL ROYAL PRIME CA 41011|SEM GTIN||UN|00|52093200|234|||0|
|0200|6228|BONE ARABE BRIM CH 1006 ACOP PROT FAC 06 CA 42101|SEM GTIN||UN|00|65050011|234|||0|
|0200|6571|BONE ARABE BRIM CINZA - CA 41011 - PRIME|SEM GTIN||UN|00|65050011|234|||0|
|0200|11263|BONE DE PROTECAO PRETO CASQUETE|7898489554120||UN|00|65061000|234|||0|
|0200|10881|BOTA (FD) PVC 35/36 AZ/AM CM SF POLA VD CA48589|7893946829520||UN|00|64019200|234|||0|
|0200|11421|BOTA (FD) PVC 41 AZUL/AMAR CL CF POLAINA|7899664908257||UN|00|64019200|234|||0|
|0200|10209|BOTA ADVENTURE MASCULINA CRAZY HORSE CAFE|SEM GTIN||UN|00|64039190|234|||0|
|0200|10839|BOTA ADVENTURE MASCULINA CRAZY HORSE CAFE - SEIXO-SEIXO.C - N. 37 CA43770|3456251443177||UN|00|64039190|234|||0|
|0200|10511|BOTA ADVENTURE MASCULINA CRAZY HORSE CAFE - SEIXO-SEIXO.C N43 CA43770|3456251443184||UN|00|64039190|234|||0|
|0200|10512|BOTA ADVENTURE MASCULINA CRAZY HORSE CAFE - SEIXO-SEIXO.C N44 CA43770|3456251443795||UN|00|64039190|234|||0|
|0200|10450|BOTA BIDENSIDADE FSEG - BEA EC BICO AÇO - 38 / CA 44383|SEM GTIN||UN|00|64034000|234|||0|
|0200|10451|BOTA BIDENSIDADE FSEG - BEA EC BICO AÇO - 39 / CA 44383|0606529694944||UN|00|64034000|234|||0|
|0200|10452|BOTA BIDENSIDADE FSEG - BEA EC BICO AÇO - 40 / CA 44383|0606529694951||UN|00|64034000|234|||0|
|0200|4575|BOTA BIDENSIDADE FSEG - BEA EC BICO AÇO - 41 / CA 44383|SEM GTIN||PR|00|64034000|234|||0|
|0200|4580|BOTA BIDENSIDADE FSEG - BEA EC BICO AÇO - 43 / CA35099|SEM GTIN||PR|00|64034000|234|||0|
|0200|10455|BOTA BIDENSIDADE FSEG - BEA EC BICO AÇO - 44 / CA 44383|0606529694999||UN|00|64034000|234|||0|
|0200|10456|BOTA BIDENSIDADE FSEG - BEA EC BICO AÇO - 45 / CA 44383|0606529695002||UN|00|64034000|234|||0|
|0200|10457|BOTA BIDENSIDADE FSEG - BEA EC BICO AÇO - 46 / CA 44383|0606529695019||UN|00|64034000|234|||0|
|0200|1061|BOTA BIDENSIDADE FSEG - BEP EC BICO PVC - 35 / CA 44639|SEM GTIN||PR|00|64039990|234|||0|
|0200|1060|BOTA BIDENSIDADE FSEG - BEP EC BICO PVC - 37 / CA 44639|SEM GTIN||PR|00|64039990|234|||0|
|0200|1202|BOTA BIDENSIDADE FSEG - BEP EC BICO PVC - 39 /CA 44639|7899717100201||PR|00|64039990|234|||0|
|0200|1206|BOTA BIDENSIDADE FSEG - BEP EC BICO PVC - 43 / CA 44639|7899717100249||PR|00|64039990|234|||0|
|0200|4573|BOTA BIDENSIDADE FSEG - BEP EC BICO PVC - 45 /CA 44639|SEM GTIN||PR|00|64039990|234|||0|
|0200|11072|BOTA BRANCA TERMICA COM VELCRO BICO COMPOSITE N 39 CA37677|SEM GTIN||UN|00|64041900|234|||0|
|0200|11073|BOTA BRANCA TERMICA COM VELCRO BICO COMPOSITE N 40 CA37677|SEM GTIN||UN|00|64041900|234|||0|
|0200|11071|BOTA BRANCA TERMICA COM VELCRO BICO COMPOSITE N 43 CA37677|SEM GTIN||UN|00|64041900|234|||0|
|0200|10645|BOTA COM VELCRO DELTA PLUS WPSMACAESBN0 CA45509 N38|SEM GTIN||UN|00|00000000|234|||0|
|0200|10644|BOTA COM VELCRO DELTA PLUS WPSMACAESBN0 CA45509 N39|SEM GTIN||UN|00|00000000|234|||0|
|0200|10643|BOTA COM VELCRO DELTA PLUS WPSMACAESBN0 CA45509 N40|SEM GTIN||UN|00|00000000|234|||0|
|0200|10642|BOTA COM VELCRO DELTA PLUS WPSMACAESBN0 CA45509 N41|SEM GTIN||UN|00|00000000|234|||0|
|0200|11344|BOTA COTURNO SALVADOR SBP 41|3295249282349||UN|00|64059000|234|||0|
|0200|11284|BOTA DE EVA OCUPACIONAL C/ SOLADO STICKY PRETO 35 CA51814|7899959518697||UN|00|64019200|234|||0|
|0200|11285|BOTA DE EVA OCUPACIONAL C/ SOLADO STICKY PRETO 36 CA51814|7899959518703||UN|00|64019200|234|||0|
|0200|11288|BOTA DE EVA OCUPACIONAL C/ SOLADO STICKY PRETO 39 CA51814|7899959518734||UN|00|64019200|234|||0|
|0200|1661|BOTA ECOSAFETY CAFÉ - 36 / CA40677- ECOSAFETY|SEM GTIN||PR|00|64039190|234|||0|
|0200|1294|BOTA ECOSAFETY CAFÉ - 38 / CA40677 - ECOSAFETY|SEM GTIN||PR|00|64039190|234|||0|
|0200|1295|BOTA ECOSAFETY CAFÉ - 39 / CA40677 - ECOSAFETY|SEM GTIN||PR|00|64039190|234|||0|
|0200|1296|BOTA ECOSAFETY CAFÉ - 40 / CA40677 - ECOSAFETY|SEM GTIN||PR|00|64039190|234|||0|
|0200|1298|BOTA ECOSAFETY CAFÉ - 42 / CA40677 - ECOSAFETY|SEM GTIN||PR|00|64039190|234|||0|
|0200|762|BOTA ECOSAFETY CAFÉ - 45 / CA40677 - ECOSAFETY|SEM GTIN||PR|00|64039190|234|||0|
|0200|8340|BOTA ESTIVAL ENERGY PRETA/AZUL N. 41 - COMP/MICRO - CA 45932|SEM GTIN||UN|00|64041900|234|||0|
|0200|8341|BOTA ESTIVAL ENERGY PRETA/AZUL N. 42 - COMP/MICRO - CA 45932|SEM GTIN||PR|00|64041900|234|||0|
|0200|7585|BOTA LATEGO PRETO - N.36 - CA 40677 - ECOSAFETY|7893764121844||PAR|00|64039190|234|||0|
|0200|6651|BOTA LATEGO PRETO - N.37 - CA 40677 - ECOSAFETY|7893764114815||PAR|00|64039190|234|||0|
|0200|6652|BOTA LATEGO PRETO - N.38 - CA 40677 - ECOSAFETY|7893764114792||PAR|00|64039190|234|||0|
|0200|6653|BOTA LATEGO PRETO - N.39 - CA 40677 - ECOSAFETY|7893764114808||PAR|00|64039190|234|||0|
|0200|6500|BOTA LATEGO PRETO - N.43 - CA 40677 - ECOSAFETY|7893764108210||PAR|00|64039190|234|||0|
|0200|6501|BOTA LATEGO PRETO - N.44 - CA 40677 - ECOSAFETY|7893764113603||PAR|00|64039190|234|||0|
|0200|6762|BOTA MICROFIBRA BICO COMPOSITE MARLUVAS 70B19-CPAP N39 - CA 34549|SEM GTIN||UN|00|64059000|234|||0|
|0200|5981|BOTA MICROFIBRA BICO COMPOSITE MARLUVAS 70B19-CPAP N41 - CA 34549|7893963683464||PR|00|64059000|234|||0|
|0200|6998|BOTA MONODENSIDADE F1-BEPMO BICO PVC N35 CA42733|SEM GTIN||PR|00|64034000|234|||0|
|0200|6999|BOTA MONODENSIDADE F1-BEPMO BICO PVC N36 CA42733|SEM GTIN||PR|00|64034000|234|||0|
|0200|7000|BOTA MONODENSIDADE F1-BEPMO BICO PVC N37 CA42733|SEM GTIN||PR|00|64034000|234|||0|
|0200|7001|BOTA MONODENSIDADE F1-BEPMO BICO PVC N38 CA42733|SEM GTIN||PR|00|64034000|234|||0|
|0200|7002|BOTA MONODENSIDADE F1-BEPMO BICO PVC N39 CA42733|SEM GTIN||PR|00|64034000|234|||0|
|0200|7003|BOTA MONODENSIDADE F1-BEPMO BICO PVC N40 CA42733|SEM GTIN||PR|00|64034000|234|||0|
|0200|7004|BOTA MONODENSIDADE F1-BEPMO BICO PVC N41 CA42733|SEM GTIN||PR|00|64034000|234|||0|
|0200|7005|BOTA MONODENSIDADE F1-BEPMO BICO PVC N42 CA42733|SEM GTIN||PR|00|64034000|234|||0|
|0200|7006|BOTA MONODENSIDADE F1-BEPMO BICO PVC N43 CA42733|SEM GTIN||PR|00|64034000|234|||0|
|0200|7007|BOTA MONODENSIDADE F1-BEPMO BICO PVC N44 CA42733|SEM GTIN||PR|00|64034000|234|||0|
|0200|7009|BOTA MONODENSIDADE F1-BEPMO BICO PVC N46 CA42733|SEM GTIN||PR|00|64034000|234|||0|
|0200|9060|BOTA NUBOCK HIDROFUGADA - N.34 - CA 13808 - MARLUVAS|SEM GTIN||PAR|00|00000000|234|||0|
|0200|7980|BOTA NUBOCK HIDROFUGADA - N.35 - CA 13808 - MARLUVAS|SEM GTIN||PAR|00|64039990|234|||0|
|0200|6963|BOTA NUBOCK HIDROFUGADA - N.37 - CA 13808 - MARLUVAS|SEM GTIN||PAR|00|64039990|234|||0|
|0200|6615|BOTA NUBOCK HIDROFUGADA - N.38 - CA 13808 - MARLUVAS|SEM GTIN||PAR|00|64039990|234|||0|
|0200|6069|BOTA NUBOCK HIDROFUGADA - N.42 - CA 13808 - MARLUVAS|SEM GTIN||PAR|00|64039990|234|||0|
|0200|6962|BOTA NUBOCK HIDROFUGADA - N.43 - CA 13808 - MARLUVAS|SEM GTIN||PAR|00|64039990|234|||0|
|0200|6743|BOTA NUBOCK HIDROFUGADA - N.44 - CA 13808 - MARLUVAS|SEM GTIN||PAR|00|64039990|234|||0|
|0200|10208|BOTA PICKER RS CLARA NOBUCK PRF CA43770|SEM GTIN||UN|00|64039190|234|||0|
|0200|10018|BOTA POLIETILENO COM ELASTICO IMPERMEAVEL BRANCA|SEM GTIN||UN|00|39262000|234|||0|
|0200|7265|BOTA PVC BRANCA CM / N.37 / CA 37456 BRACOL|SEM GTIN||PAR|00|64019200|234|||0|
|0200|7266|BOTA PVC BRANCA CM / N.39 / CA 37456 - BRACOL|SEM GTIN||PAR|00|64019200|234|||0|
|0200|7267|BOTA PVC BRANCA CM / N.40 / CA 37456 - BRACOL|SEM GTIN||PAR|00|64019200|234|||0|
|0200|7669|BOTA PVC BRANCA CM / N.41 / CA 37456 - BRACOL|SEM GTIN||PAR|00|64019200|234|||0|
|0200|7268|BOTA PVC BRANCA CM / N.42 / CA 37456 - BRACOL|SEM GTIN||PAR|00|64019200|234|||0|
|0200|7271|BOTA PVC BRANCA CM / N.43 / CA 37456 - BRACOL|SEM GTIN||PAR|00|64019200|234|||0|
|0200|126|BOTA PVC C.LONGO PRETA - 34 / CA39184|SEM GTIN||PAR|00|64019200|234|||0|
|0200|1428|BOTA PVC C.LONGO PRETA - 35 / CA39184|7892807011388||PR|00|64019200|234|||0|
|0200|997|BOTA PVC C.LONGO PRETA - 36 / CA39184|7892807012521||UN|00|64019200|234|||0|
|0200|998|BOTA PVC C.LONGO PRETA - 37 / CA39184|7892807009002||UN|00|64019200|234|||0|
|0200|5943|CAPA PVC AMARELA - GG - CA 28191 / 28449 - BRASCAMP|SEM GTIN||UN|00|62014000|234|||12|
|0200|8647|CALCA PVC FORRADO STANDARD AMARELA TAM G CA28482|7898567376088||UN|00|62101000|234|||12|
|0200|999|BOTA PVC C.LONGO PRETA - 38 / CA39184|7892807009019||UN|00|64019200|234|||0|
|0200|1000|BOTA PVC C.LONGO PRETA - 39 / CA39184|7892807009026||PR|00|64019200|234|||0|
|0200|1001|BOTA PVC C.LONGO PRETA - 40 / CA39184|7892807009033||PR|00|64019200|234|||0|
|0200|1004|BOTA PVC C.LONGO PRETA - 43 / CA39184|7892807009064||PR|00|64019200|234|||0|
|0200|1007|BOTA PVC C.LONGO PRETA - 46 / CA39184|7892807012996||PR|00|64019200|234|||0|
|0200|4720|BOTA PVC CANO LONGO MARLUVAS BICO E PALMILHA DE AÇO - 41 / CA40793|7893963946231||UN|00|64011000|234|||0|
|0200|10680|BOTA PVC CANO LONGO MARLUVAS BICO E PALMILHA DE AÇO - 43 / CA40793|SEM GTIN||UN|00|64011000|234|||0|
|0200|9849|BOTA PVC CANO MEDIO BRANCA N° 34 CA37130|0606529752644||UN|00|64019200|234|||0|
|0200|9860|BOTA PVC CANO MEDIO BRANCA N° 35 CA37130|0606529751494||UN|00|64019200|234|||0|
|0200|9859|BOTA PVC CANO MEDIO BRANCA N° 36 CA37130|0606529751517||UN|00|64019200|234|||0|
|0200|9858|BOTA PVC CANO MEDIO BRANCA N° 37 CA37130|0606529751524||UN|00|64019200|234|||0|
|0200|9856|BOTA PVC CANO MEDIO BRANCA N° 39 CA37130|0606529751548||UN|00|64019200|234|||0|
|0200|9855|BOTA PVC CANO MEDIO BRANCA N° 40 CA37130|0606529751555||UN|00|64019200|234|||0|
|0200|9854|BOTA PVC CANO MEDIO BRANCA N° 41 CA37130|0606529751562||UN|00|64019200|234|||0|
|0200|6438|BOTA PVC CANO MEDIO BRANCA N° 42 CA37130|SEM GTIN||UN|00|00000000|234|||0|
|0200|9853|BOTA PVC CANO MEDIO BRANCA N° 43 CA37130|0606529751586||UN|00|64019200|234|||0|
|0200|9852|BOTA PVC CANO MEDIO BRANCA N° 44 CA37130|0606529751593||UN|00|64019200|234|||0|
|0200|9851|BOTA PVC CANO MEDIO BRANCA N° 45 CA37130|0606529751609||UN|00|64019200|234|||0|
|0200|9857|BOTA PVC CANO MEDIO BRANCAN° 38 CA37130|0606529751531||UN|00|64019200|234|||0|
|0200|10597|BOTA PVC CANO MEDIO PRETA CA37154 N34|0606529751531||UN|00|64019200|234|||0|
|0200|10598|BOTA PVC CANO MEDIO PRETA CA37154 N35|0606529752668||UN|00|64019200|234|||0|
|0200|10599|BOTA PVC CANO MEDIO PRETA CA37154 N36|0606529752675||UN|00|64019200|234|||0|
|0200|10600|BOTA PVC CANO MEDIO PRETA CA37154 N37|0606529752682||UN|00|64019200|234|||0|
|0200|10601|BOTA PVC CANO MEDIO PRETA CA37154 N38|0606529752699||UN|00|64019200|234|||0|
|0200|10602|BOTA PVC CANO MEDIO PRETA CA37154 N39|0606529752705||UN|00|64019200|234|||0|
|0200|10603|BOTA PVC CANO MEDIO PRETA CA37154 N40|0606529752712||UN|00|64019200|234|||0|
|0200|10604|BOTA PVC CANO MEDIO PRETA CA37154 N41|0606529752729||UN|00|64019200|234|||0|
|0200|10605|BOTA PVC CANO MEDIO PRETA CA37154 N42|0606529752736||UN|00|64019200|234|||0|
|0200|10606|BOTA PVC CANO MEDIO PRETA CA37154 N43|0606529752743||UN|00|64019200|234|||0|
|0200|10607|BOTA PVC CANO MEDIO PRETA CA37154 N44|0606529752750||UN|00|64019200|234|||0|
|0200|10608|BOTA PVC CANO MEDIO PRETA CA37154 N45|0606529752767||UN|00|64019200|234|||0|
|0200|10609|BOTA PVC CANO MEDIO PRETA CA37154 N46|0606529752774||UN|00|64019200|234|||0|
|0200|11414|BOTA PVC CANO MÉDIO SEM FORRO N37 CA27223|7891287320713||UN|00|64019200|234|||0|
|0200|11408|BOTA PVC CANO MEDIO SEM FORRO SOLADO AMARELO N38 CA27223|7890858221886||UN|00|64019200|234|||0|
|0200|11410|BOTA PVC CANO MÉDIO SEM FORRO SOLADO AMARELO N40 CA27223|7890858221909||UN|00|64019200|234|||0|
|0200|11412|BOTA PVC CANO MÉDIO SEM FORRO SOLADO AMARELO N41 CA27223|7890858221916||UN|00|64019200|234|||0|
|0200|11411|BOTA PVC CANO MÉDIO SEM FORRO SOLADO AMARELO N42 CA27223|7890858221923||UN|00|64019200|234|||0|
|0200|8706|BOTA PVC PRETA C/L - BIQ./PAM. AÇO N.39 - CA37750 - BRACOL|7890988770889||PAR|00|64011000|234|||0|
|0200|8707|BOTA PVC PRETA C/L - BIQ./PAM. AÇO N.40 - CA37750 - BRACOL|7890988770896||PAR|00|64011000|234|||0|
|0200|8708|BOTA PVC PRETA C/L - BIQ./PAM. AÇO N.42 - CA37750 - BRACOL|7890988770919||PAR|00|64011000|234|||0|
|0200|9871|BOTA PVC PRETA C/M N.36 CA 43107 - VONDER|SEM GTIN||UN|00|64029190|234|||0|
|0200|8991|BOTA PVC PRETA C/M N.38 CA 43107 - VONDER|SEM GTIN||PAR|00|64029190|234|||0|
|0200|8816|BOTA PVC PRETA C/M N.40 CA 43107 - VONDER|SEM GTIN||PR|00|64029190|234|||0|
|0200|8760|BOTA PVC PRETA C/M N.41 CA 43107 - VONDER|7893946599652||PR|00|64029190|234|||0|
|0200|8761|BOTA PVC PRETA C/M N.42 CA 43107 - VONDER|7893946599669||PR|00|64029190|234|||0|
|0200|8762|BOTA PVC PRETA C/M N.43 CA 43107 - VONDER|7893946653057||PR|00|64029190|234|||0|
|0200|10047|BOTA PVC PRETA CANO CURTO N°37 CA46452|7893946779689||UN|00|64019200|234|||0|
|0200|10048|BOTA PVC PRETA CANO CURTO N°38 CA46452|7893946779696||UN|00|64019200|234|||0|
|0200|10050|BOTA PVC PRETA CANO CURTO N°40 CA46452|7893946777784||UN|00|64019200|234|||0|
|0200|10054|BOTA PVC PRETA CANO CURTO N°42 CA46452|7893946777876||UN|00|64019200|234|||0|
|0200|10053|BOTA PVC PRETA CANO CURTO N°43 CA46452|7893946779702||UN|00|64019200|234|||0|
|0200|10052|BOTA PVC PRETA CANO CURTO N°44 CA46452|7893946779719||UN|00|64019200|234|||0|
|0200|10799|BOTA PVC TIPO POLAINA CA40400 CALFOR N41|7899664908158||UN|00|64019200|234|||0|
|0200|5754|BOTINA BIQ PLÁSTICO N.35 - CA 43377 - VULCAFLEX|SEM GTIN||PR|00|64039990|234|||0|
|0200|6282|BOTINA BIQ PLÁSTICO N.36 - CA 43377 - VULCAFLEX|7894854300163||PAR|00|64039990|234|||0|
|0200|6283|BOTINA BIQ PLÁSTICO N.37 - CA 43377 - VULCAFLEX|7894854300170||PAR|00|64039990|234|||0|
|0200|5748|BOTINA BIQ PLÁSTICO N.38 - CA 43377 - VULCAFLEX|SEM GTIN||PAR|00|64039990|234|||0|
|0200|5749|BOTINA BIQ PLÁSTICO N.39 - CA 43377 - VULCAFLEX|SEM GTIN||PAR|00|64039990|234|||0|
|0200|5750|BOTINA BIQ PLÁSTICO N.40 - CA 43377 - VULCAFLEX|SEM GTIN||PR|00|64039990|234|||0|
|0200|5751|BOTINA BIQ PLÁSTICO N.41 - CA 43377 - VULCAFLEX|SEM GTIN||PR|00|64039990|234|||0|
|0200|5752|BOTINA BIQ PLÁSTICO N.42 - CA 43377 - VULCAFLEX|SEM GTIN||PR|00|64039990|234|||0|
|0200|5753|BOTINA BIQ PLÁSTICO N.43 - CA 43377 - VULCAFLEX|SEM GTIN||PR|00|64039990|234|||0|
|0200|6281|BOTINA BIQ PLÁSTICO N.44 - CA 43377 - VULCAFLEX|7894854300156||PAR|00|64039990|234|||0|
|0200|5755|BOTINA BIQ PLÁSTICO N.45 - CA 43377 - VULCAFLEX|SEM GTIN||PR|00|64039990|234|||0|
|0200|9066|BOTINA ELASTICO N.34 - MICROFIBRA COMP + ANTIP - CA39104 - BRACOL|7899532065600||PAR|00|64029190|234|||0|
|0200|8548|BOTINA ELASTICO N.35 - MICROFIBRA COMP + ANTIP - CA39104 - BRACOL|SEM GTIN||PAR|00|64029190|234|||0|
|0200|8549|BOTINA ELASTICO N.36 - MICROFIBRA COMP + ANTIP - CA39104 - BRACOL|SEM GTIN||PAR|00|64039190|234|||0|
|0200|8550|BOTINA ELASTICO N.37 - MICROFIBRA COMP + ANTIP - CA39104 - BRACOL|SEM GTIN||PAR|00|64029190|234|||0|
|0200|8088|BOTINA ELASTICO N.38 - MICROFIBRA COMP + ANTIP - CA39104 - BRACOL|7899532065648||PAR|00|64039190|234|||0|
|0200|8089|BOTINA ELASTICO N.39 - MICROFIBRA COMP + ANTIP - CA39104 - BRACOL|7899532065655||PAR|00|64039190|234|||0|
|0200|5757|BOTINA ELASTICO N.39 BIQ AÇO - CA 43339 - VULCAFLEX|SEM GTIN||PR|00|64034000|234|||0|
|0200|8141|BOTINA ELASTICO N.40 - MICROFIBRA COMP + ANTIP - CA39104 - BRACOL|SEM GTIN||PAR|00|64039190|234|||0|
|0200|7525|BOTINA ELASTICO N.43 - MICROFIBRA COMP + ANTIP - CA39104 - BRACOL|SEM GTIN||PAR|00|64039190|234|||0|
|0200|8269|BOTINA ELASTICO N.45 - MICROFIBRA COMP + ANTIP - CA39104 - BRACOL|7899532065716||PAR|00|64029190|234|||0|
|0200|9067|BOTINA ELASTICO N.48 - MICROFIBRA COMP + ANTIP - CA39104 - BRACOL|7899532065747||PAR|00|64029190|234|||0|
|0200|9654|BOTINA MANOBREIRO COURO - N.35 COMP+ANTIP - CA42374 - MARLUVAS|SEM GTIN||PAR|00|00000000|234|||0|
|0200|9169|BOTINA MANOBREIRO COURO - N.36 COMP+ANTIP - CA42374 - MARLUVAS|SEM GTIN||PAR|00|00000000|234|||0|
|0200|9194|BOTINA MANOBREIRO COURO - N.40 COMP+ANTIP - CA42374 - MARLUVAS|7893963841666||PAR|00|64039990|234|||0|
|0200|9254|BOTINA MANOBREIRO COURO - N.41 COMP+ANTIP - CA42374 - MARLUVAS|7893963841673||PAR|00|64039990|234|||0|
|0200|9252|BOTINA MANOBREIRO COURO - N.42 COMP+ANTIP - CA42374 - MARLUVAS|SEM GTIN||PAR|00|64039990|234|||0|
|0200|9040|BOTINA MANOBREIRO COURO - N.44 COMP+ANTIP - CA42374 - MARLUVAS|SEM GTIN||PAR|00|64039990|234|||0|
|0200|10514|BOTINA MICROFIBRA BRANCA CA35965 N37|SEM GTIN||UN|00|00000000|234|||0|
|0200|10515|BOTINA MICROFIBRA BRANCA CA35965 N38|SEM GTIN||UN|00|00000000|234|||0|
|0200|10516|BOTINA MICROFIBRA BRANCA CA35965 N40|SEM GTIN||UN|00|00000000|234|||0|
|0200|11031|BOTINA MICROFIBRA BRANCA CA35965 N41|SEM GTIN||UN|00|64041900|234|||0|
|0200|10517|BOTINA MICROFIBRA BRANCA CA35965 N42|SEM GTIN||UN|00|00000000|234|||0|
|0200|11032|BOTINA MICROFIBRA BRANCA COM ELASTICO E BICO DE PVC BI DENSIDADE N43 C35965|SEM GTIN||UN|00|64041900|234|||0|
|0200|11030|BOTINA MICROFIBRA BRANCA COM ELASTICO E BICO DE PVC BI DENSIDADE N 39 CA: 35965|SEM GTIN||UN|00|64041900|234|||0|
|0200|7134|BOTINA VELCRO NOBUCK ANT+COMP N.34 - CA 45161 - SAFETILINE|SEM GTIN||PAR|00|64039190|234|||0|
|0200|7137|BOTINA VELCRO NOBUCK ANT+COMP N.40 - CA 45161 - SAFETILINE|SEM GTIN||PAR|00|64039190|234|||0|
|0200|7140|BOTINA VELCRO NOBUCK ANT+COMP N.43 - CA 45161 - SAFETILINE|SEM GTIN||PAR|00|64039190|234|||0|
|0200|7138|BOTINA VELCRO NOBUCK ANTCOMP N43 - CA 45161 - SAFETILINE|SEM GTIN||UN|00|64039190|234|||0|
|0200|7136|BOTINA VELCRO NOBUCK ANTCOMP N45 - CA 45161 - SAFETILINE|SEM GTIN||PAR|00|64039190|234|||0|
|0200|7182|CABO DE MADEIRA 0,28|SEM GTIN||UN|00|96039000|234|||0|
|0200|11012|CABO MAD P/ENXADA 1,70M REDONDO 1006|7898970140443||UN|00|44170090|234|||0|
|0200|11307|CABO MAD P/PA RETA 1,50M VONDER|7893946862954||UN|00|44170010|234|||0|
|0200|3984|CADEADO AMARELO HASTE PLÁSTICA - TAGOUT|SEM GTIN||UN|00|83011000|234|||0|
|0200|3544|CADEADO AZUL HASTE PLÁSTICA - TAGOUT|SEM GTIN||UN|00|83011000|234|||0|
|0200|9406|CADEADO BLOQUEIO PLASTICO / HASTE ALUMINIO / AZUL / TAGOUT|SEM GTIN||UN|00|83011000|234|||0|
|0200|3985|CADEADO BLOQUEIO PLASTICO HASTE METALICA VERMELHO|SEM GTIN||UN|00|83011000|234|||0|
|0200|9730|CADEADO LATAO 20MM PADO|7891065000141||UN|00|83011000|234|||0|
|0200|11104|CADEADO LATAO 35MM PADO|7891065000172||UN|00|83011000|234|||0|
|0200|6507|CADEADO PADO 25MM|SEM GTIN||UN|00|83011000|234|||0|
|0200|566|CALCA BRIM 1/2 ELASTICO CINZA - TAM G|SEM GTIN||UN|00|62034200|234|||0|
|0200|567|CALCA BRIM 1/2 ELASTICO CINZA - TAM GG|SEM GTIN||UN|00|62034200|234|||0|
|0200|565|CALCA BRIM 1/2 ELASTICO CINZA - TAM M|SEM GTIN||UN|00|62034200|234|||0|
|0200|725|CALCA BRIM 1/2 ELASTICO CINZA - TAM P|SEM GTIN||UN|00|62034200|234|||0|
|0200|10099|CALÇA BRIM CINZA MEIO ELASTICO ZIPER C FAIXA REFLETIVA TAM. M|SEM GTIN||UN|00|52093200|234|||0|
|0200|10093|CALÇA BRIM ROYAL MEIO ELASTICO ZIPER TAM. EXG|SEM GTIN||UN|00|52093200|234|||0|
|0200|10091|CALÇA BRIM ROYAL MEIO ELASTICO ZIPER TAM. G|SEM GTIN||UN|00|52093200|234|||0|
|0200|10092|CALÇA BRIM ROYAL MEIO ELASTICO ZIPER TAM. GG|SEM GTIN||UN|00|52093200|234|||0|
|0200|10090|CALÇA BRIM ROYAL MEIO ELASTICO ZIPER TAM. M|SEM GTIN||UN|00|52093200|234|||0|
|0200|10089|CALÇA BRIM ROYAL MEIO ELASTICO ZIPER TAM. P|SEM GTIN||UN|00|52093200|234|||0|
|0200|10384|CALÇA BRIM ROYAL TAM. 46|SEM GTIN||UN|00|52093200|234|||0|
|0200|11299|CALCA DE ANTI CHAMAS TEKNOALFA FR 1010 RASPA GG CA47031|SEM GTIN||UN|00|62034900|234|||0|
|0200|8321|CALÇA DE RASPA DUO C/LOGO VALE SAFE G CA37334|SEM GTIN||UN|00|00000000|234|||0|
|0200|8320|CALÇA DE RASPA DUO C/LOGO VALE SAFE M CA37334|SEM GTIN||UN|00|00000000|234|||0|
|0200|3396|CALCA FRIGORÍFICA EM NYLON - (G) - CA15157 - GANIRIS|SEM GTIN||UN|00|62034900|234|||0|
|0200|8944|CALCA FRIGORIFICA NYLON (EXG) - CA 15157 - GANIRIS|SEM GTIN||UN|00|62034900|234|||0|
|0200|3127|CALCA FRIGORIFICA NYLON (GG) - CA 15157 - GANIRIS|SEM GTIN||UN|00|62034900|234|||0|
|0200|7152|CALCA FRIGORIFICA NYLON (M) - CA 15157 - GANIRIS|SEM GTIN||UN|00|62034900|234|||0|
|0200|961|CALÇA JEANS MASCULINA TAM: M - 42/44 WS|SEM GTIN||UN|00|62034200|234|||0|
|0200|8802|CALCA NR10 FAIXA LARANJA EXGG - CA 42240|SEM GTIN||UN|00|62034900|234|||0|
|0200|8805|CALÇA NR10 FAIXA LARANJA M CA 32394|SEM GTIN||UN|00|62034900|234|||0|
|0200|8806|CALÇA NR10 FAIXA LARANJA P CA 32394|SEM GTIN||UN|00|62034900|234|||0|
|0200|8368|CALÇA NR10 FAIXA VERDE GG CA 32394|SEM GTIN||UN|00|62034900|234|||0|
|0200|8901|CALCA OP TIPO A / GG / 08 CAM / 230 . / CA 36600 / SAYRO|7898484231415||UN|00|62034300|234|||0|
|0200|7362|CALCO DE MADEIRA 15 X 15 X 20CM - O PAR|7898494154865||UN|00|44042000|234|||0|
|0200|6974|CALÇO DE RODA DE BORRACHA (RÍGIDO) NBR 9735|SEM GTIN||UN|00|40169990|234|||0|
|0200|571|CAMISA BRIM MC CINZA - M - XFOUR|SEM GTIN||UN|00|62052000|234|||0|
|0200|654|CAMISA BRIM MC CINZA - P - XFOUR|SEM GTIN||UN|00|62052000|234|||0|
|0200|656|CAMISA BRIM ML CINZA (G) - XFOUR|SEM GTIN||UN|00|62052000|234|||0|
|0200|10098|CAMISA BRIM ROYAL GOLA ITALIANA MANGA CURTA TAM EG|SEM GTIN||UN|00|52093200|234|||0|
|0200|10096|CAMISA BRIM ROYAL GOLA ITALIANA MANGA CURTA TAM. G|SEM GTIN||UN|00|52093200|234|||0|
|0200|10097|CAMISA BRIM ROYAL GOLA ITALIANA MANGA CURTA TAM. GG|SEM GTIN||UN|00|52093200|234|||0|
|0200|10095|CAMISA BRIM ROYAL GOLA ITALIANA MANGA CURTA TAM. M|SEM GTIN||UN|00|52093200|234|||0|
|0200|10094|CAMISA BRIM ROYAL GOLA ITALIANA MANGA CURTA TAM. P|SEM GTIN||UN|00|52093200|234|||0|
|0200|10162|CAMISA BRIM ROYAL GOLA ITALIANA MANGA LONGA TAM EG|SEM GTIN||UN|00|52093200|234|||0|
|0200|10489|CAMISA BRIM ROYAL GOLA ITALIANA MANGA LONGA TAM EXG|SEM GTIN||UN|00|52093200|234|||0|
|0200|10103|CAMISA BRIM ROYAL GOLA ITALIANA MANGA LONGA TAM G|SEM GTIN||UN|00|52093200|234|||0|
|0200|10104|CAMISA BRIM ROYAL GOLA ITALIANA MANGA LONGA TAM GG|SEM GTIN||UN|00|52093200|234|||0|
|0200|10161|CAMISA BRIM ROYAL GOLA ITALIANA MANGA LONGA TAM M|SEM GTIN||UN|00|52093200|234|||12|
|0200|10420|CAMISA JALECO EM BRIM MANGA LONGA UNIFORME PROFISSIONAL AZUL|7904874509801||UN|00|61179000|234|||0|
|0200|2916|CAMISA MALHA FRIA WS ML CINZA MESCLA M|SEM GTIN||UN|00|60063220|234|||0|
|0200|8366|CAMISA MALHA FRIA WS ML CINZA MESCLA P|SEM GTIN||UN|00|60063220|234|||0|
|0200|5882|CINTURAO PARAQUEDISTA LIFE 2002 1 ARGOLA - CA 42826|SEM GTIN||UN|00|63072000|234|||12|
|0200|7155|EXTENSOR SIMPLES 6001 LIFE CINTOS|SEM GTIN||UN|00|63072000|234|||12|
|0200|194|CORDA NR18/35 TRAVA-QUEDA 12MM POLIAMIDA - METRO|7899532302958||MT|00|56075011|234|||12|
|0200|8808|CAMISA NR10 FAIXA LARANJA (G) - CA 32393 - UNIFORMIZAR|SEM GTIN||UN|00|62059090|234|||0|
|0200|8809|CAMISA NR10 FAIXA LARANJA (GG) - CA 32393 - UNIFORMIZAR|SEM GTIN||UN|00|62059090|234|||0|
|0200|8810|CAMISA NR10 FAIXA LARANJA (M) - CA 32393 - UNIFORMIZAR|SEM GTIN||UN|00|62059090|234|||0|
|0200|8811|CAMISA NR10 FAIXA LARANJA (P) - CA 32393 - UNIFORMIZAR|SEM GTIN||UN|00|62059090|234|||0|
|0200|8807|CAMISA NR10 FAIXA LARANJA (XG) - CA 32393 - UNIFORMIZAR|SEM GTIN||UN|00|62059090|234|||0|
|0200|10569|CAMISETA PROTEÇĂO UV LARANJA G|SEM GTIN||UN|00|63090090|234|||0|
|0200|10590|CAMISETA PROTEÇĂO UV LARANJA GG|SEM GTIN||UN|00|63090090|234|||0|
|0200|9924|CAMISETA UV 50 POLIESTER PRETO M|SEM GTIN||UN|00|62014000|234|||0|
|0200|9742|CAMISETA UV 50 POLIESTER PRETO P|SEM GTIN||UN|00|62014000|234|||0|
|0200|9925|CAMISETA UV 50 POLIESTER PRETO XGG|SEM GTIN||UN|00|62014000|234|||0|
|0200|10924|CAPA AMARELA PVC FORRADA COM BOTAO E CAPUZ - TAMANHO GG CA: 28449|SEM GTIN||UN|00|62104000|234|||0|
|0200|7581|CAPA DE CHUVA MORCEGO PVC GG CA28449|SEM GTIN||UN|00|00000000|234|||0|
|0200|7234|CAPA PVC AMARELA CA 28191 / 28449 M|SEM GTIN||UN|00|62014000|234|||0|
|0200|7840|CAPA PVC AMARELA TAM EXGG - CA 28449 - BRASCAMP|7898623813540||UN|00|62014000|234|||0|
|0200|7343|CAPA PVC FORRADO STANDARD AM EXG CA28449|7898623811430||UN|00|62101000|234|||0|
|0200|10817|CAPA TREVIRA FORRADO AM - T-EXG (REF. 398)|7898567371632||UN|00|62101000|234|||0|
|0200|45|CAPACETE C/JUGULAR VERDE BERYL CA29792 - DELTA PLUS|7898494152243||UN|00|65069100|234|||0|
|0200|34|CAPACETE C/JUGULAR VERMELHO BERYL CA29792 - DELTA PLUS|7898494152250||UN|00|65069100|234|||0|
|0200|4041|CAPACETE ABA TOTAL / BRANCO / CA365 / MSA|SEM GTIN||UN|00|65061000|234|||0|
|0200|8292|CAPACETE ACOP LARANJA UMP CA 12389/12354|SEM GTIN||UN|00|00000000|234|||0|
|0200|1692|CAPACETE C/ SUSPENSĂO E JUGULAR AZUL / CA34414 - CAMPER|7898953238020||UN|00|65061000|234|||0|
|0200|1687|CAPACETE C/ SUSPENSĂO E JUGULAR BRANCO / CA34414 - CAMPER|7898953238013||UN|00|65061000|234|||0|
|0200|1686|CAPACETE C/ SUSPENSĂO E JUGULAR CINZA / CA34414 - CAMPER|7898953238068||UN|00|65061000|234|||0|
|0200|9727|CAPACETE C/ SUSPENSĂO E JUGULAR LARANJA / CA34414 - CAMPER|7898953238365||UN|00|65061000|234|||0|
|0200|9728|CAPACETE C/ SUSPENSĂO E JUGULAR MARROM / CA34414 - CAMPER|7898953238372||UN|00|65061000|234|||0|
|0200|10310|CAPACETE C/ SUSPENSĂO E JUGULAR PRETO / CA34414 - CAMPER|SEM GTIN||UN|00|65061000|234|||0|
|0200|1688|CAPACETE C/ SUSPENSĂO E JUGULAR VERDE / CA34414 - CAMPER|7898953238051||UN|00|65061000|234|||0|
|0200|1690|CAPACETE C/ SUSPENSĂO E JUGULAR VERMELHO / CA34414 - CAMPER|7898953238044||UN|00|65061000|234|||0|
|0200|42|CAPACETE C/JUGULAR AMARELO BERYL CA29792 - DELTA PLUS|7898494152144||UN|00|65069100|234|||0|
|0200|32|CAPACETE C/JUGULAR AZUL ESCURO BERYL CA29792 - DELTA PLUS|7898494152168||UN|00|65069100|234|||0|
|0200|33|CAPACETE C/JUGULAR BRANCO BERYL CA29792 - DELTA PLUS|7898494152182||UN|00|65069100|234|||0|
|0200|577|CAPACETE C/JUGULAR LARANJA BERYL CA29792 - DELTA PLUS|7898494152205||UN|00|65069100|234|||0|
|0200|10207|CAPACETE MSA AMARELO - CA 498|7899619608584||UN|00|65061000|234|||0|
|0200|8037|CAPACETE MSA AZUL BIC - CA 498|SEM GTIN||UN|00|65061000|234|||0|
|0200|10460|CAPACETE MSA CREME - CA 498|SEM GTIN||UN|00|65061000|234|||0|
|0200|10461|CAPACETE MSA MARROM - CA 498|SEM GTIN||UN|00|65061000|234|||0|
|0200|5921|CAPACETE MSA VERDE - CA 498|7894854357549||UN|00|65061000|234|||0|
|0200|1113|CAPACETE MSA VERMELHO / CA498|SEM GTIN||UN|00|65061000|234|||0|
|0200|5840|CAPACETE STEELFLEX FALCON COM SUSPENSAO BRANCO CA 42234|7890988647976||UN|00|65061000|234|||0|
|0200|9139|CAPUZ SOLDADOR ANTI-CHAMAS AZUL - CA 37348 - TEKNOLUVAS|7905238287922||UN|00|62171000|234|||0|
|0200|9891|CARNEIRA CATRACA JUGULAR ELASTICA CAPACETE MSA FASTRAC III|7899619609888||UN|00|65070000|234|||0|
|0200|10411|CARNEIRA SIMPLES CAPACETE 3M H700|7891040239528||UN|00|65070000|234|||0|
|0200|5838|CASCO LARANJA / CA35983 / STEEFLEX|7890988463170||UN|00|65061000|234|||0|
|0200|10518|CAVADEIRA ARTICULADA 1,40 M|SEM GTIN||UN|00|00000000|234|||0|
|0200|11139|CAVADEIRA RETA 9,0 CB METAL SOCADOR|7891117101994||UN|00|82019000|234|||0|
|0200|9755|CAVALETE DOBRAVEL 27X65CM PISO MOLHADO|7890274021312||UN|00|39021020|234|||0|
|0200|6362|CENTELHADOR TIPO CONCHA|7898161068877||UN|00|84689090|234|||0|
|0200|10740|CH ALLEN JG 1,5A10MM C/09PC ABAULADA VD|7893946816148||UN|00|82054000|234|||0|
|0200|10833|CHAPÉU CORDILHEIRA FOREST AZUL|SEM GTIN||UN|00|00000000|234|||0|
|0200|6343|CINTA AMARRAÇĂO CARGA - 0,8T/0,4T - VONDER|7893946169442||UN|00|63079090|234|||0|
|0200|10115|CINTA ELEV CARGA 2M 2T CE220 VONDER|SEM GTIN||UN|00|63079090|234|||0|
|0200|11253|CINTA ELEV CARGA 7:1 2M 1T CE120 VONDER|7893946165758||UN|00|63079090|234|||0|
|0200|11254|CINTA ELEV CARGA 7:1 4M 3T CE340 VONDER|7893946165871||UN|00|63079090|234|||0|
|0200|8112|CINTA ERGONOMICA LIFE 110 TAM P|SEM GTIN||UN|00|63079090|234|||0|
|0200|7908|CINTA ERGONOMICA LIFE 110 TAM XXG|7897372151569||UN|00|63079090|234|||0|
|0200|9980|CINTA PARA ELEVAÇĂO DE CARGAS 7:1 3,0 M 2,0 TF CE 230 VONDER|SEM GTIN||UN|00|00000000|234|||0|
|0200|10552|CINTO CARPINTEIRO PARA FERRAMENTAS COURO RASPA - WORKER|7899009025670||UN|00|42021100|234|||0|
|0200|6972|CINTO PARA ROÇADEIRAS DE OMBRO DUPLO JARDINAGEM COR PRETO|7898484233082||UN|00|84679900|234|||0|
|0200|4818|CINTO PQDTA ARAMIDA MULT1234 CA41004|SEM GTIN||UN|00|00000000|234|||0|
|0200|6819|CINTURAO PARAQUEDISTA LIFE - 5 PONTOS - ESP. CONFINADO - CA 45469|SEM GTIN||UN|00|63072000|234|||0|
|0200|5883|CINTURAO PARAQUEDISTA LIFE 2004 3 ARGOLAS - CA 42828 -|SEM GTIN||UN|00|63072000|234|||0|
|0200|9734|CINTURAO PARAQUEDISTA LOMBAR DE POSICIONAMENTO CA48791|7893596278600||UN|00|63072000|234|||0|
|0200|6690|CJ APLICAÇĂO DEFENSIVO - TAM EXG - CA17459 - PRIME|SEM GTIN||UN|00|62042900|234|||0|
|0200|6251|CJ APLICAÇĂO DEFENSIVO - TAM G - CA17459 - PRIME|SEM GTIN||UN|00|62042900|234|||0|
|0200|6096|CJ APLICAÇĂO DEFENSIVO - TAM M - CA17459 - PRIME|SEM GTIN||UN|00|00000000|234|||0|
|0200|6253|CJ APLICAÇĂO DEFENSIVO - TAM XG - CA17459 - PRIME|SEM GTIN||UN|00|62042900|234|||0|
|0200|3457|CJ COMPLETO APICULTOR ALGODAO TAM G|7898906571204||PC|00|62032200|234|||0|
|0200|10197|COLETE REFLETIVO AMARELO XGG|7898636971220||UN|00|61143000|234|||0|
|0200|6200|COLETE REFLETIVO AMARELO - GG|SEM GTIN||UN|00|61143000|234|||0|
|0200|10428|COLETE REFLETIVO AMARELO - GG 1B|SEM GTIN||UN|00|61143000|234|||0|
|0200|9828|COLETE REFLETIVO AMARELO - XGG 1B|SEM GTIN||UN|00|61143000|234|||0|
|0200|7846|COLETE REFLETIVO LARANJA M|7898636971237||UN|00|61143000|234|||0|
|0200|9829|COLETE REFLETIVO LARANJA - G 1B|SEM GTIN||UN|00|61143000|234|||0|
|0200|10429|COLETE REFLETIVO LARANJA - GG 1B|SEM GTIN||UN|00|61143000|234|||0|
|0200|9827|COLETE REFLETIVO LARANJA - M 1B|7898636970322||UN|00|61143000|234|||0|
|0200|9830|COLETE REFLETIVO LARANJA - XGG 1B|SEM GTIN||UN|00|61143000|234|||0|
|0200|6163|COLETE SALVA VIDAS / CLASSE III/ (G) JALECO / HOMOLOGADO PELA MARINHA DO BRASIL. N. 062/2012|SEM GTIN||UN|00|00000000|234|||0|
|0200|7580|COLETE SALVA VIDAS CANGA CLASE III ATIVA G HOMOLOGADO PELA MARINHA|SEM GTIN||UN|00|00000000|234|||0|
|0200|9862|COLETE X - LARANJA C/ REFLETIVO|7899874101059||UN|00|62014000|234|||0|
|0200|11089|COLETE X - VERDE C/ REFLETIVO|SEM GTIN||UN|00|62014000|234|||0|
|0200|8956|CONE BALIZADOR T-TOP|SEM GTIN||UN|00|86080090|234|||0|
|0200|3931|CONE FLEXÍVEL REFLETIVO LARANJA/BRANCO 75CM|7898554012746||UN|00|86080090|234|||0|
|0200|5066|CONE LARANJA E BRANCO - 75CM - PLT|7899874101349||UN|00|39269090|234|||0|
|0200|6284|CONE LARANJA E BRANCO FLEXÍVEL C/ REFLETIVO - 50CM|SEM GTIN||UN|00|39269090|234|||0|
|0200|1051|CONE RÍGIDO LARANJA E BRANCO - 50CM - PLT|SEM GTIN||UN|00|39269090|234|||0|
|0200|5834|CONE RIGIDO LARANJA E BRANCO - 75CM - REFLETIVO - C/ FAIXA AUTO ADESIVA|SEM GTIN||UN|00|39269090|234|||0|
|0200|5670|CONE RÍGIDO LARANJA E BRANCO C/ REFLETIVO - 50CM|SEM GTIN||UN|00|39269090|234|||0|
|0200|729|CONE RIGIDO PRETO E AMARELO - 50CM - PLT|7898494150423||UN|00|39269090|234|||0|
|0200|11093|CONJUNTO BASE E TAMPA FILTRO P1|7898950726445||UN|00|84213990|234|||0|
|0200|10622|CONJUNTO MOTOQUEIRO COM CAPUZ CA28481/CA28482 GG|SEM GTIN||UN|00|00000000|234|||0|
|0200|10621|CONJUNTO MOTOQUEIRO COM CAPUZ CA28481/CA28482 XGG|SEM GTIN||UN|00|00000000|234|||0|
|0200|185|CONJUNTO PRETO MOTO RACE - G - CA28482/28481 - BRASCAMP|SEM GTIN||UN|00|61032300|234|||0|
|0200|184|CONJUNTO PRETO MOTO RACE - M - CA28482/28481 - BRASCAMP|SEM GTIN||UN|00|61032300|234|||0|
|0200|10670|COPO DESCARTÁVEL 180ML 800 UNI|SEM GTIN||UN|00|00000000|234|||0|
|0200|7783|CORDA 8 MM|SEM GTIN||UN|00|00000000|234|||0|
|0200|11267|CORDA PP MULT TRANC. BRANCA 4MM M|7898124570560||UN|00|56074900|234|||0|
|0200|11026|COROTE RESERVATÓRIO BARRICA 25 LITROS CAMINHĂO CARROCERIA|SEM GTIN||UN|00|00000000|234|||0|
|0200|444|CORRENTE PLASTICA AMARELA E PRETA ELO GRANDE|SEM GTIN||MT|00|39269090|234|||0|
|0200|494|CORRENTE PLASTICA AMARELA E PRETA ELO PEQUENO 35X20X5MM|7898494150850||MT|00|39012019|234|||0|
|0200|10852|CREME DE PROTEÇĂO HELPHAN GRUPO 3 3,5L|SEM GTIN||UN|00|00000000|234|||0|
|0200|7021|CREME PROTETIVO P/MĂOS (HELP HAND GRUPO 3) 200G - CA9611 - HENLAU|SEM GTIN||UN|00|34012090|234|||0|
|0200|10214|CROCS EVA BB60 BRANCO N33/34 CA27921|7899367848140||UN|00|64019990|234|||0|
|0200|10215|CROCS EVA BB60 BRANCO N35/36 CA27921|7899367848157||UN|00|64019990|234|||0|
|0200|10216|CROCS EVA BB60 BRANCO N37/38 CA27921|7899367848164||UN|00|64019990|234|||0|
|0200|10217|CROCS EVA BB60 BRANCO N39/40 CA27921|7899367848171||UN|00|64019990|234|||0|
|0200|10218|CROCS EVA BB60 BRANCO N41/42 CA27921|7899367848188||UN|00|64019990|234|||0|
|0200|10219|CROCS EVA BB60 BRANCO N43/44 CA27921|7899367848195||UN|00|64019990|234|||0|
|0200|10813|DESEMPENADEIRA PLAST 17X30(BASE ESTR.)VD|7893946545628||UN|00|39269090|234|||0|
|0200|10076|DISCO CORTE 115,0X1,0X22,23 STANDARD NORTON|7891345785867||UN|00|68042211|234|||0|
|0200|11176|DISCO DE DESBASTE 4 1/2_|SEM GTIN||UN|00|00000000|234|||0|
|0200|10652|DISCO DIAMANTADO 110MM V2 FURO 20 VONDER|7893946026578||UN|00|68042119|234|||0|
|0200|11182|DISCO LIXA 4.1/2_G.36 VDF12 METAL VONDER|7893946506094||UN|00|68053020|234|||0|
|0200|11181|DISCO PVC 4.1/2_P/LIXAD C/FIXA FACIL VD|7893946495534||UN|00|84679900|234|||0|
|0200|10667|DISPENSER DE PAPEL TOALHA|SEM GTIN||UN|00|00000000|234|||0|
|0200|9831|DISPLAY DE OCULOS KALIPSO K|SEM GTIN||UN|00|39205900|234|||0|
|0200|11266|DISPLAY GRANDE 5 POSICOES|SEM GTIN||UN|00|72141090|234|||0|
|0200|10917|DUREPOX 50G|SEM GTIN||UN|00|00000000|234|||0|
|0200|10745|ELETRODO 6013 2,50MM VONDER|7893946578053||UN|00|83111000|234|||0|
|0200|10744|ELETRODO 6013 4,00MM VONDER|7893946578077||KG|00|83111000|234|||0|
|0200|11138|ELETRODO E7018 3,25MM CX|SEM GTIN||UN|00|83111000|234|||0|
|0200|10752|ELETRODO E7018 4,00MM VONDER|7893946578107||UN|00|83111000|234|||0|
|0200|678|ENXADA ANTI-FAISCANTE - CABO 0,5 M.|7898494150010||UN|00|44170090|234|||0|
|0200|11010|ENXADA NORTE TAM.2 1/2 C/CABO 954|7893946715298||UN|00|82013000|234|||0|
|0200|11011|ENXADAO ESTREITO TAM.2 C/CABO 954|7893946715366||UN|00|82013000|234|||0|
|0200|6765|ESCOVA DE AÇO 4 FILEIRA CABO DE MADEIRA VONDER|SEM GTIN||UN|00|00000000|234|||0|
|0200|10487|ESCUDO ADVANCED N|7898161061625||UN|00|39269090|234|||0|
|0200|11415|ESMERILHADEIRA DWE4020B2B 220V DEWALT|7896525096276||UN|00|84672999|234|||0|
|0200|11105|ESTILETE 09MM 954|SEM GTIN||UN|00|82119390|234|||0|
|0200|11305|ESTILETE 18MM ES218 VONDER|7893946059927||UN|00|82119390|234|||0|
|0200|7101|ESTILETE S011 TRAPEZ HIDDEN EDGE STARRET|7891265675842||UN|00|82119390|234|||0|
|0200|6302|ESTRIBO 1 DEGRAU|7895350053867||UN|00|63079020|234|||0|
|0200|9636|ESTRIBO DE 4 6 8 DEGRAUS|SEM GTIN||UN|00|00000000|234|||0|
|0200|11161|ETIQUETA DE BLOQUEIO FLEXIVEL NAO LIGUE / COM FILME - ETF2CF|7898729070427||UN|00|49119900|234|||0|
|0200|10791|EXPOSITOR ARAMADO/TELADO DE PAREDE A:1,30M X L: 0,83CM|SEM GTIN||UN|00|94032090|234|||0|
|0200|10784|EXPOSITOR DE OCULOS|SEM GTIN||UN|00|94031000|234|||0|
|0200|10273|EXPOSITOR TOTEN MDF / GOGOWEAR - 10 PÉS.|SEM GTIN||UN|00|44111490|234|||0|
|0200|10276|EXTENSOR DE LUVA MALHA DE AÇO DA550|SEM GTIN||UN|00|00000000|234|||0|
|0200|11437|EXTENSOR ELASTICO 1,50M CORES SORTIDAS|7898380721164||UN|00|56041000|234|||0|
|0200|11006|FACAO P/MATO 14_ CABO MADEIRA VONDER IMP|7893946180379||UN|00|82014000|234|||0|
|0200|7912|FAIXA ADESIVA REFLETIVA P/ CONE - SUPERIOR|SEM GTIN||UN|00|39199090|234|||0|
|0200|9977|FAIXA REFLETIVA AMARELA COM CINZA LARG 5 CM|SEM GTIN||UN|00|59070000|234|||0|
|0200|9978|FAIXA REFLETIVA CINZA POLYESTER LARG 5CM|SEM GTIN||UN|00|59070000|234|||0|
|0200|9979|FAIXA REFLETIVA LARANJA COM CINZA LARG 5CM|SEM GTIN||UN|00|59070000|234|||0|
|0200|6729|FAIXA REFLETIVA LATERAL DIREITO 0,30X0,06M|SEM GTIN||UN|00|39191090|234|||0|
|0200|6730|FAIXA REFLETIVA LATERAL ESQUERDO 0,30X0,06M|SEM GTIN||UN|00|39191090|234|||0|
|0200|10430|FAIXA REFLETIVA LUMINOSA DM METRO|SEM GTIN||MT|00|39205100|234|||0|
|0200|7913|FAIXA REFLETIVA P/ CONE - INFERIOR|SEM GTIN||UN|00|39199090|234|||0|
|0200|6733|FAIXA REFLETIVA REMOVIVEL DE SEG. NOTURNA LADO ESQUERDO|SEM GTIN||UN|00|39191090|234|||0|
|0200|542|FILTRO 400 ABEK1 - AIR SAN|SEM GTIN||PC|00|84213990|234|||0|
|0200|5109|FILTRO 9000 A2B2E2K1 514157|SEM GTIN||UN|00|00000000|234|||0|
|0200|6643|FILTRO COMBINADO TIPO 3820 A1B1P2 AIR SAFETY- 514940|SEM GTIN||UN|00|00000000|234|||0|
|0200|3321|FILTRO MECÂNICO OZ/VO 3M - ROSA|SEM GTIN||UN|00|63079010|234|||0|
|0200|4755|FILTRO P/ RESP. CG306 - (VO/GA) - CA7072 - CARBOGRAFITE|SEM GTIN||UN|00|90200010|234|||0|
|0200|11095|FILTRO QUIM AMONIA E AMINAS P/ RESP MASTT|7898950726360||UN|00|84213990|234|||0|
|0200|5206|FILTROS RESPIRADOR JUPITER DELTAPLUS - ABEK1 (PAR)|3295249128869||PR|00|38021000|234|||0|
|0200|10882|FIO DE NYLON 1,8MM X 15M REDONDO VONDER|7893946104474||UN|00|39169010|234|||0|
|0200|11041|FIO DE NYLON 2,0MM X 15M REDONDO VONDER|7893946104481||UN|00|39169010|234|||0|
|0200|6673|FIO DE NYLON PARA ROÇADEIRA 3MM X 50M|SEM GTIN||UN|00|39169010|234|||0|
|0200|11281|FITA ANCORAGEM EM ANEL 1,00M|SEM GTIN||UN|00|58063200|234|||0|
|0200|11345|FITA ANTIDERRAPANTE 50MMX20M PRETA|7899885112143||UN|00|68053090|234|||0|
|0200|9861|FITA ANTIDERRAPANTE PLASTCOR 50MM X 5MTS PRETA|SEM GTIN||UN|00|68053090|234|||0|
|0200|10997|FITA CREPE 18MMX50MM C-101LA 3M|7891040216321||UN|00|48114110|234|||0|
|0200|10914|FITA CREPE 48MMX50M USO GERAL TEKBOND|7898472262513||UN|00|48114110|234|||0|
|0200|11117|FITA DE ANCORAGEM EM D 1M|7893596278631||UN|00|58063200|234|||0|
|0200|5830|FITA DE DEMARCACAO AMARELO 48MM X 30MTS|SEM GTIN||UN|00|39191020|234|||0|
|0200|7365|FITA DE DEMARCACAO AZUL 48MM X 30MTS - PLASTCOR|SEM GTIN||UN|00|39191020|234|||0|
|0200|10669|FITA DE DEMARCACAO LARANJA 48MM X 30MTS - PLT|7899874101042||UN|00|39191020|234|||0|
|0200|10801|FITA DE DEMARCACAO VERDE 48MM X 30MTS - ATP|7898316523176||UN|00|39191020|234|||0|
|0200|7364|FITA DE DEMARCACAO VERDE 48MM X 30MTS - PLASTCOR|SEM GTIN||UN|00|39191020|234|||0|
|0200|8518|FITA DUPLA FACE FIXA FORTE - 24MMX2M 3M|7891040216260||UN|00|35061090|234|||0|
|0200|9931|FITA DUPLA FACE FIXA FORTE 12MMX2M 3M|7891040075126||UN|00|35061090|234|||0|
|0200|10871|FITA DUPLA FACE FIXA FORTE 19MMX2M 3M|7891040118328||UN|00|35061090|234|||0|
|0200|9930|FITA DUPLA FACE VHB 19MMX5M 4910 3M|7891040224746||UN|00|35061090|234|||0|
|0200|7514|FITA EMPACOTAMENTO 48MM X 45M TRANSP|7899956625190||UN|00|39191010|234|||0|
|0200|8008|FITA EUREKA LIFE CINTOS|7898489556759||UN|00|58063200|234|||0|
|0200|10843|FITA ISOL 18MMX10M IMPERIAL 3M|7891040106363||UN|00|39191020|234|||0|
|0200|6330|FITA ISOLANTE AMARELA - VONDER|7893946002596||UN|00|39191020|234|||0|
|0200|6331|FITA ISOLANTE AZUL - VONDER|7893946002602||UN|00|39191020|234|||0|
|0200|6333|FITA ISOLANTE BRANCA - VONDER|7893946002619||UN|00|39191020|234|||0|
|0200|6779|FITA ISOLANTE PRETA - IMPERIAL 3M|7891040105502||UN|00|39191020|234|||0|
|0200|6334|FITA ISOLANTE VERMELHA - VONDER|7893946002640||UN|00|39191020|234|||0|
|0200|8598|FITA PROTEÇĂO D EDEDO BANTEX TECIDO (25MMX15M) - CREMER|SEM GTIN||UN|00|59061000|234|||0|
|0200|11003|FITA VEDA ROSCA 18MMX10M TEKBOND|7898472266405||UN|00|39209990|234|||0|
|0200|10945|FITA VEDA ROSCA 18MMX50M|SEM GTIN||UN|00|00000000|234|||0|
|0200|31|FITA ZEBRADA - PRETO/AMARELO - 7CMX200MTS|7898494150683||UN|00|39189000|234|||0|
|0200|6770|FITA ZEBRADA - VERMELHA/BRANCA - 200MTS|7898494150690||UN|00|39189000|234|||0|
|0200|11183|FLAP DISC CONICO 4.1/2_ G 60(C.FIBRA)954|7893946533380||UN|00|68053090|234|||0|
|0200|9741|FREIO OITO SEM ORELHA CG-505|7898489553437||UN|00|73261900|234|||0|
|0200|11255|GANCHO OLHAL 1,5T-3/8_ C/TRAVA VONDER|7893946507428||UN|00|73269090|234|||0|
|0200|11256|GANCHO OLHAL 2,0T-7/16_ C/TRAVA VONDER|7893946507435||UN|00|73269090|234|||0|
|0200|10120|GARRA BLOQUEIO ACO 25MM 4SAFE - CA 00000|SEM GTIN||UN|00|83014000|234|||0|
|0200|3678|GARRA DE BLOQUEIO 2,5 CM - TAGOUT|SEM GTIN||UN|00|83015000|234|||0|
|0200|10230|GARRAFAO TERMICO 5L AZUL|SEM GTIN||UN|00|39239090|234|||0|
|0200|10210|GW24 BOTA ADVENTURE MASCULINA NOBUCK CRAVO|SEM GTIN||UN|00|64039190|234|||0|
|0200|10851|JALECO BRIM CINZA MANGA LONGA TAM. G|SEM GTIN||UN|00|52093200|234|||0|
|0200|10938|JALECO CINZA BOTĂO MANGA CURTA TAM. G|SEM GTIN||UN|00|52093200|234|||0|
|0200|10102|JALECO CINZA BOTĂO MANGA CURTA TAM. M|SEM GTIN||UN|00|52093200|234|||0|
|0200|7150|JAPONA FRIGORIFICA C/ BOLSO-ZIPER - M CA15155 - GANIRIS|SEM GTIN||UN|00|62014000|234|||0|
|0200|10146|JAPONA FRIGORIFICA C/ BOLSO-ZIPER G CA15155 BRANCA|SEM GTIN||UN|00|62019000|234|||0|
|0200|10363|JAPONA FRIGORIFICA C/ BOLSO-ZIPER P CA15155 BRANCA|SEM GTIN||UN|00|62019000|234|||0|
|0200|10481|JARDINEIRA TAM GG BOTA 42 CA35690|SEM GTIN||UN|00|00000000|234|||0|
|0200|10482|JARDINEIRA TAM XG BOTA 44 CA35690|SEM GTIN||UN|00|00000000|234|||0|
|0200|8910|JOELHEIRA DE EVA PRETA- CORTAG MULTUSO|7897451465389||PR|00|39269090|234|||0|
|0200|7578|JOELHEIRA DE PROTEÇĂO GEL - CARBOGRAFITE|SEM GTIN||PR|00|90211010|234|||0|
|0200|7936|JUGULAR TECIDO MSA|SEM GTIN||UN|00|00000000|234|||0|
|0200|11400|KIT CINTA CATRACA 50MM 9M 5.000KG|7899676019736||UN|00|63079090|234|||0|
|0200|2527|KIT HIGIENE ABAFADOR MUFFLER|SEM GTIN||UN|00|00000000|234|||0|
|0200|10022|KIT PRIMEIROS SOCORROS|SEM GTIN||UN|00|42021900|234|||0|
|0200|10886|LAMINA 3 PONTAS P/ROCAD 255X25,4X3,0MM V|7893946600839||UN|00|82084000|234|||0|
|0200|6113|LAMINA ESTILETE 18MM TRAPEZOIDAL VONDER CONS|7893946121761||UN|00|82119400|234|||0|
|0200|10075|LAMINA ESTILETE 18MM TUBETE C/10|7893946181277||UN|00|82119400|234|||0|
|0200|10651|LAMINA SERRA CIRC VIDEA 110X20X24D 954|7893946463977||UN|00|82023100|234|||0|
|0200|7167|LAMINA SERRA STARRET|SEM GTIN||UN|00|00000000|234|||0|
|0200|6785|LAMINA TRAPEZOIDAL TUBETE C/10PC VONDER|7893946105341||UN|00|82119400|234|||0|
|0200|10071|LAPIS CARPINTEIRO FABER CASTEL|7891360628798||UN|00|96091000|234|||0|
|0200|9894|LENCO LIMP LENTE C/500UN UVEX S462BR|SEM GTIN||UN|00|48182000|234|||0|
|0200|660|LENTE RETANGULAR T.10|SEM GTIN||PC|00|90019010|234|||0|
|0200|7156|LIFE 6009 TRAVA QUEDAS PARA CABO DE ACO 8MM|SEM GTIN||UN|00|73269090|234|||0|
|0200|10755|LINHA PARA PEDREIRO LISA COM 100 M NOVE54|SEM GTIN||UN|00|00000000|234|||0|
|0200|10739|LONA POLIETILENO AZUL 3 X 3|7893946470142||UN|00|63061200|234|||0|
|0200|11434|LUBRIFICANTE SPRAY 300ML/200G VONDER PLU|7893946566074||UN|00|38249941|234|||0|
|0200|10336|LUMINÁRIA DE EMERGĘNCIA 31 BIVOLT|SEM GTIN||UN|00|00000000|234|||0|
|0200|5868|LUMINARIA DE EMERGENCIA INTELBRAS 30LEDS|7896637674300||UN|00|40169300|234|||0|
|0200|10966|LUVA MISTA 9 - G CA: 20601 - EXTREMO SUL|SEM GTIN||UN|00|42032900|234|||0|
|0200|2465|LUVA POLARFLEX TERMICA - XG - CA21252 - DANNY|SEM GTIN||PR|00|61161000|234|||0|
|0200|8376|LUVA POLARFLEX TERMICA - M - CA21252 - DANNY|SEM GTIN||PR|00|61161000|234|||0|
|0200|6316|LUVA 1012- RUBBER RED TAM. 10 - C.A 34370 S535|7898940749560||UN|00|61161000|234|||0|
|0200|10402|LUVA 2 DEDOS 35 CM KOMBAT HEAT CRU CA 49964|SEM GTIN||UN|00|61161000|234|||0|
|0200|10403|LUVA 5 DEDOS 35 CM KOMBAT HEAT CRU CA 49963|SEM GTIN||UN|00|61161000|234|||0|
|0200|6278|LUVA ANTICORTE - P (7) CA32039 - SUPERSAFETY|7898940748884||PR|00|61161000|234|||0|
|0200|10427|LUVA ANTICORTE - PP (6) CA32039 - SUPERSAFETY|SEM GTIN||PR|00|61161000|234|||0|
|0200|1987|LUVA ANTIVIBRAÇĂO GORILA VOLK - G / CA38257|SEM GTIN||PR|00|61161000|234|||0|
|0200|6970|LUVA APICUL 100 POL SAYRO API 050 CA 43079|7898484232177||UN|00|62160000|234|||0|
|0200|11060|LUVA BICO DE PATO 35 CM KOMBAT HEAT CRU CA49964|SEM GTIN||UN|00|62160000|234|||0|
|0200|10175|LUVA BICOLOR P VOLK CA 16779|SEM GTIN||UN|00|40151900|234|||0|
|0200|11038|LUVA BLACK TRACTOR - 9(G)- CA37981 - VOLK|SEM GTIN||PR|00|61161000|234|||0|
|0200|5854|LUVA BLACK TRACTOR 10(EG) - CA 37981 - VOLK|SEM GTIN||PR|00|61161000|234|||0|
|0200|10551|LUVA BORRACHA NITRILICA PRETA 10(EG) CX C/ 50 - CA 38645 SUPERSAFETY|SEM GTIN||UN|00|40151900|234|||0|
|0200|6320|LUVA BORRACHA NITRILICA PRETA 7(P) - CX C/ 50 - CA 38645 - SUPERSAFETY|7898940748556||UN|00|40151900|234|||0|
|0200|6323|LUVA BORRACHA NITRILICA PRETA 9(G) - CX C/ 50 - CA 38645 - SUPERSAFETY|SEM GTIN||UN|00|40151900|234|||0|
|0200|10571|LUVA CINZA MALHA DE ACO CANO CURTO REF F55 TAM M CA: 13764|SEM GTIN||UN|00|73262000|234|||0|
|0200|10272|LUVA CUT OIL VOLK T.7 (P) CA 36606|SEM GTIN||UN|00|61161000|234|||0|
|0200|11290|LUVA CUT-PU ANTI-CORTE 9 CA43088 - LDI|7899846207475||UN|00|61161000|234|||0|
|0200|4652|LUVA DANNY CORAL DASL530 - TAM G / CA15366|7896353821576||UN|00|61161000|234|||0|
|0200|4988|LUVA DANNY FLEXCUT PU PUNHO LONGO DA45400L TAM 9 G / CA39924 / 33997|SEM GTIN||PR|00|61161000|234|||0|
|0200|10563|LUVA DANNY LIGHTFLEX NITRILICA EG (10) CA43320 DA26805|SEM GTIN||UN|00|61161000|234|||0|
|0200|10593|LUVA DANNY NEOLATEX - P (7) - CA5774|SEM GTIN||PR|00|40151900|234|||0|
|0200|11029|LUVA DE ELANCA OMEGA TAM P CA41124|SEM GTIN||UN|00|61169300|234|||0|
|0200|11393|LUVA DE LATEX NATURAL LARANJA 8 CA11286|7896353820043||UN|00|40151900|234|||0|
|0200|10315|LUVA DE PVC LDI 26CM CA43244|SEM GTIN||UN|00|61161000|234|||0|
|0200|10316|LUVA DE PVC LDI 56CM CA43244|SEM GTIN||UN|00|61161000|234|||0|
|0200|11052|LUVA DE SOLDA WELD SMART CA42917|SEM GTIN||UN|00|00000000|234|||0|
|0200|10964|LUVA DE VAQUETA TAM 9 CA20601|SEM GTIN||UN|00|42032900|234|||0|
|0200|10854|LUVA EM PVC 26 CM CA43248|SEM GTIN||UN|00|00000000|234|||0|
|0200|10821|LUVA EM PVC 56 CM CA43248|SEM GTIN||UN|00|00000000|234|||0|
|0200|701|LUVA FRIGORIFICA NYLON PUNHO MALHA / CA17956|SEM GTIN||PR|00|62160000|234|||0|
|0200|6728|LUVA GREEN - 10(EG) - CA38800 - VOLK|SEM GTIN||PR|00|61161000|234|||0|
|0200|2964|LUVA GREEN 9(G) - CA38800 - VOLK|7898619331799||PR|00|61161000|234|||0|
|0200|10585|LUVA GRIP 7(P) CA 18007|7898207211816||UN|00|61161000|234|||0|
|0200|1947|LUVA GRIP VOLK - G - CA18007 - AZUL|SEM GTIN||PR|00|40151900|234|||0|
|0200|1948|LUVA GRIP VOLK - M - CA18007 - AZUL|SEM GTIN||PR|00|40151900|234|||0|
|0200|7330|LUVA GRIP VOLK EG - CA 18007 - AZUL|SEM GTIN||PR|00|61161000|234|||0|
|0200|4273|LUVA IMPACTO CUT VOLK -G / CA38654|SEM GTIN||PR|00|61161000|234|||0|
|0200|10659|LUVA IMPACTO PROCIPA CA48016 G|SEM GTIN||UN|00|00000000|234|||0|
|0200|3900|LUVA LATEX LARANJA REFORÇADA SLIM P (7) - CA37815 - VOLK|7898619330471||PAR|00|40151900|234|||0|
|0200|5849|LUVA LATEX MUCAMBO PRETO - XG - CA 3890 - PRO 157|7894854205147||PAR|00|40151900|234|||0|
|0200|4140|LUVA LATEX RANHURADA - P 7 / CA15100 / VOLK|SEM GTIN||PAR|00|40151900|234|||0|
|0200|9985|LUVA LDI BLUERUBBER TAM 9 CA42252|7899846201879||UN|00|61161000|234|||0|
|0200|11291|LUVA LDI CUT-PU ANTI-CORTE 10 CA43088|7899846207482||UN|00|61161000|234|||0|
|0200|11289|LUVA LDI CUT-PU ANTI-CORTE 8 CA43088|7899846207468||UN|00|61161000|234|||0|
|0200|9987|LUVA LDI SAFETYOIL MOD6020 NITRILON TAM 10 CA42982|SEM GTIN||UN|00|61161000|234|||0|
|0200|9988|LUVA LDI SAFETYOIL MOD6020 NITRILON TAM 8 CA42982|SEM GTIN||UN|00|61161000|234|||0|
|0200|9989|LUVA LDI SAFETYOIL MOD6020 NITRILON TAM 9 CA42982|SEM GTIN||UN|00|61161000|234|||0|
|0200|9955|LUVA MAXYDRY 10 CA28011 DANNY|SEM GTIN||UN|00|00000000|234|||0|
|0200|10967|LUVA MISTA 10 - GG CA: 20601 - EXTREMO SUL|SEM GTIN||UN|00|42032900|234|||0|
|0200|5974|LUVA MISTA PUNHO 20CM ÓTIMA - CA 43311|SEM GTIN||PR|00|42032900|234|||0|
|0200|11463|LUVA NITRIALL PLUS LONA TAM GG 10 CA48759|7898652377907||UN|00|61161000|234|||0|
|0200|9561|LUVA NITRIFLEX 45CM / P (7) / CA 12254 / DANNY|7896353821545||PAR|00|40151900|234|||0|
|0200|6435|LUVA NITRIL WAVE - (M) 8 - CA 38932 - VOLK|7898619332963||PR|00|61161000|234|||0|
|0200|10558|LUVA NITRIL WAVE - (P) 7 - CA 38932 - VOLK|SEM GTIN||PR|00|61161000|234|||0|
|0200|3296|LUVA NITRIL WAVE SMART - (G) 9 - CA46803 - VOLK|SEM GTIN||PR|00|61161000|234|||0|
|0200|11464|LUVA NITRILC5 TOTAL TAM G 9 RESIST A CORTES NIVEL 5/E BANHO NITRILICO CA48745|7898652377761||UN|00|61161000|234|||0|
|0200|176|LUVA NITRILICA AMARELA-KA20-T. 09-G / CA35953|7898390940128||PR|00|40151900|234|||0|
|0200|357|LUVA NITRILICA AMARELA-KA20-T. 10-XG / CA35953|7898390940135||PR|00|40151900|234|||0|
|0200|10011|LUVA NITRILICA AZUL SONIC SUPERMAX TAM P CA44101|7898945443579||UN|00|40151200|234|||0|
|0200|10008|LUVA NITRILICA BLACK SUPERMAX TAM M CA38801|7898945443425||UN|00|40151200|234|||0|
|0200|7629|LUVA NITRILICA COM FORRO VERDE - 7 (P) - CA 16313 - VOLK|7898207212295||PR|00|40151900|234|||0|
|0200|10010|LUVA NITRILICA PINK SUPERMAX TAM P CA38801|7898945443463||UN|00|40151200|234|||0|
|0200|1509|LUVA NITRILICA SEM FORRO VOLK - 07(P) CA16314|SEM GTIN||PR|00|40151900|234|||0|
|0200|11065|LUVA NITRILICA SLIM SEM FORRO VERDE CA38975 10(EG)|7898619330136||UN|00|40151900|234|||0|
|0200|11301|LUVA NITRILICA SLIM SEM FORRO VERDE CA38975 8(M)|7898619330112||UN|00|40151900|234|||0|
|0200|11250|LUVA NITRISENSI SOFT AZUL TAM 9(G) CA36755|7898390944256||UN|00|40151900|234|||0|
|0200|10085|LUVA NITROBLACK NYN CA49437 TAM 7|SEM GTIN||UN|00|61161000|234|||0|
|0200|5939|LUVA NYN (1006N) - TAM. 10 - CA 41076 S505|7898940748723||PR|00|61161000|234|||0|
|0200|5936|LUVA NYN (1006N) - TAM. 9-CA 41076 S024|7898636970193||PR|00|61161000|234|||0|
|0200|8006|LUVA OP DE MOTOSERRA 5 DEDOS SAYRO CA 46986|SEM GTIN||UN|00|42032900|234|||0|
|0200|6223|LUVA OP MOTOSSERRA VAQUETA+ FIBRA SAYRO 9 1/2 CA 36995|7898484231538||UN|00|42032900|234|||0|
|0200|10394|LUVA ORANGERUBBER TAM 9 CA42252|7899846204863||UN|00|61161000|234|||0|
|0200|9933|LUVA PARA PROCEDIMENTO LATEX COM PO G 100UNID CA13030|7898945443043||UN|00|40151200|234|||0|
|0200|9934|LUVA PARA PROCEDIMENTO LATEX COM PO M 100UNID CA13030|7898945443036||UN|00|40151200|234|||0|
|0200|9935|LUVA PARA PROCEDIMENTO LATEX COM PO P 100UNID CA13030|7898945443029||UN|00|40151200|234|||0|
|0200|9936|LUVA PARA PROCEDIMENTO LATEX COM PO PP 100UNID CA9937|7898945443012||UN|00|40151200|234|||0|
|0200|6060|TAMANCO EVA SOFT WORKS ANTIDER C/PALM PU REF BB90 BRANCO 39/40|7899367904822||UN|00|64019990|234|||0|
|0200|10198|LUVA PIGMENTADA - CRUP - PRETA - CA 33818 S033|7898940749362||UN|00|61161000|234|||0|
|0200|8152|LUVA PP CANO LONGO 65 CM C/3 ELASTICOS - CA44768 - PREVEMAX|SEM GTIN||UN|00|39262000|234|||12|
|0200|10836|LUVA PROCED NITR. AZUL SAFEMAX TAM P CA 5117|7898974645784||UN|00|40151200|234|||0|
|0200|2781|LUVA PU - MULTITATO - M (8) CA29014|SEM GTIN||UN|00|61161000|234|||0|
|0200|2780|LUVA PU - MULTITATO - P (7) CA29014|SEM GTIN||UN|00|61161000|234|||0|
|0200|10792|LUVA PU - MULTITATO - PP (6) CA32034 - SUPERSAFETY|SEM GTIN||UN|00|61161000|234|||0|
|0200|6719|LUVA RASPA CANO 07CM MODELO CLUT ÓTIMA CA 43360|SEM GTIN||UN|00|42032900|234|||0|
|0200|5973|LUVA RASPA PUNHO 20CM SOLDADOR - ÓTIMA - CA 43360|SEM GTIN||PR|00|42032900|234|||0|
|0200|11368|LUVA RASPA SOLDADOR KEVLAR CA43360|SEM GTIN||UN|00|42032900|234|||0|
|0200|11315|LUVA SAFETYGRIP MOD8030 9 (G) CA42410|7899846203750||UN|00|61161000|234|||0|
|0200|3880|LUVA SS 1005 LN -TAM.9 / CA32035|7898940748655||PR|00|61161000|234|||0|
|0200|11199|LUVA SS IMPACT CA43978 TAM10|SEM GTIN||UN|00|00000000|234|||0|
|0200|10166|LUVA SUPER LATEX CA. 37158 - TAM. 7 S246|SEM GTIN||UN|00|40151900|234|||0|
|0200|11225|LUVA TERMICA THERMAFLEX CA14788|SEM GTIN||UN|00|00000000|234|||0|
|0200|11257|LUVA TRANSPARENTE POLIETILENO CANO CURTO CA44785|SEM GTIN||UN|00|39262000|234|||0|
|0200|6270|LUVA VAQUETA TAM (13) EXG ÓTIMA CA 43361|SEM GTIN||UN|00|00000000|234|||0|
|0200|7904|LUVA VERNIZ SILVER SLIM AMARELA / EG (10) / CA37277 / VOLK|SEM GTIN||PAR|00|40151900|234|||0|
|0200|7906|LUVA VERNIZ SILVER SLIM AMARELA / G (9) / CA37277 / VOLK|7898619330273||PAR|00|40151900|234|||0|
|0200|7902|LUVA VERNIZ SILVER SLIM AMARELA / P (7) / CA37277 / VOLK|7898619330259||PR|00|40151900|234|||0|
|0200|7095|LUVA VERNIZ SILVER SLIM AZUL / EG (10) / CA37277 / VOLK|SEM GTIN||PAR|00|00000000|234|||0|
|0200|7992|LUVA VERNIZ SILVER SLIM AZUL / M (8) / CA37277 / VOLK|SEM GTIN||PR|00|40151900|234|||0|
|0200|7805|LUVA VERNIZ SILVER SLIM AZUL / P (7) / CA37277 / VOLK|7898619330297||PR|00|40151900|234|||0|
|0200|7574|LUVA VERNIZ SILVER VERDE M CA16312|7898207215739||UN|00|40151900|234|||0|
|0200|10423|LUVA VERNIZ SILVER VERDE P CA16312|7898207210147||UN|00|40151900|234|||0|
|0200|2725|LUVA VINIL VOLK S/ AMIDO - G / CA20722 CX C/ 100 UNID|7898207219140||UN|00|39262000|234|||0|
|0200|1812|LUVA VINIL VOLK S/ AMIDO - M / CA20722 CX C/100 UNID|7898207210598||UN|00|39262000|234|||0|
|0200|2907|LUVA VINIL VOLK S/ AMIDO - P / CA20722 CX C/100 UNID|7898207219126||UN|00|39262000|234|||0|
|0200|11265|MACACAO APICUL BCO SAYRO T. G|SEM GTIN||UN|00|62114900|234|||0|
|0200|9838|MACACAO BRIM CINZA MANGA LONGA TAM. G|SEM GTIN||UN|00|52093200|234|||0|
|0200|6004|MACACAO BRIM ROYAL - M/C ZIPER - G - XFOUR|SEM GTIN||UN|00|52093200|234|||0|
|0200|6005|MACACAO BRIM ROYAL - M/L ZIPER - G - XFOUR|SEM GTIN||UN|00|52093200|234|||0|
|0200|6890|MACACAO BRIM ROYAL - M/L ZIPER - GG - XFOUR|SEM GTIN||UN|00|52093200|234|||0|
|0200|11435|MANG JARDIM REFORCADA 1/2_ 954|7893946502089||UN|00|39173229|234|||0|
|0200|10401|MANGOTE 55 CM RADIANT HEAT AZUL CA 29596|7908749300005||UN|00|61142000|234|||0|
|0200|8516|MANGOTE CORTE DE ARAMIDA - CA 31949 - UNID. VOLK|SEM GTIN||UN|00|61178090|234|||0|
|0200|10385|MANGOTE DE BRIM|SEM GTIN||UN|00|52093200|234|||0|
|0200|10317|MANGOTE DE RASPA CA44607|SEM GTIN||UN|00|42032900|234|||0|
|0200|7702|MANTA ABSORVENTE - EMBALADA 50X40 - CM|7898494150522||UN|00|63019000|234|||0|
|0200|7938|MARCADOR INDUSTRIAL 60ML 3MM AMARELO TRACO FORTE|SEM GTIN||UN|00|32159000|234|||0|
|0200|10815|MARRETA OITAVADA C/CABO 500G VONDER|7893946515829||UN|00|82052000|234|||0|
|0200|11309|MARRETA OITAVADA C/CABO FIBRA 1,5KG VD|7893946836412||UN|00|82052000|234|||0|
|0200|11001|MARTELO BORRACHA 80MM PRETO 32555 NOVE54|7893946829278||UN|00|40169990|234|||0|
|0200|10737|MARTELO BORRACHA TERMOPLASTICA 50MM VOND|7893946105143||UN|00|82052000|234|||0|
|0200|10543|MARTELO UNHA 20MM CABO FIBRA VONDER|7893946399511||UN|00|82052000|234|||0|
|0200|3303|MASCARA FUGA II - EVADE C/ FILTRO ABEK AIR SAFETY / CA5821 - COD 512029|SEM GTIN||UN|00|90200010|234|||0|
|0200|9937|MASCARA HOSPITALAR 3 PAINEIS AURA 9360H 1UNID.|7891040224074||UN|00|63079010|234|||0|
|0200|9808|MASCARA POLIPROPILENO RETANGULAR TRIPLA COM ELASTICO CLIP NASAL BRANCA|SEM GTIN||UN|00|63079010|234|||0|
|0200|6842|MASCARA SEMI FACIAL ABSOLUTE CA32351|SEM GTIN||UN|00|90200010|234|||0|
|0200|8914|MASCARA SOLDA AUTOESCURECIMENTO - 9-13 - CA 40551 - WORKER|7899956612169||UN|00|65061000|234|||0|
|0200|4969|MASCARA SOLDA CELERON ARTICULADA CATRACA CA14203|7894854034969||UN|00|39269090|234|||0|
|0200|1084|MASCARA SOLDA POLIPROPILENO VISOR ARTICULADO CA14199|SEM GTIN||UN|00|39269090|234|||0|
|0200|10932|MEDIDOR DE PRESSăO ARTERIAL DIGITAL BRAçO APARELHO DE PRESSAO ARTERIALPROFISSIONAL ESFIGMOMANôMETRO|SEM GTIN||UN|00|90189061|234|||0|
|0200|9950|MEIA TERMICA ALGODAO BRANCA 10X50CM CA44422|SEM GTIN||UN|00|00000000|234|||0|
|0200|10872|MINI BALANCA PORTATIL GANCHO|7896664582074||UN|00|84231000|234|||0|
|0200|7851|MOSQUETAO TRAVA ROSCADA - LIFECINTOS|SEM GTIN||UN|00|63072000|234|||0|
|0200|10339|NITRILICA 45 SLIM EG (10) CA48171|7908667901544||UN|00|40151900|234|||0|
|0200|2692|OCULOS UVEXTREME - CA 19072 - MARCA HONEYWELL.|SEM GTIN||UN|00|90049020|234|||0|
|0200|4357|OCULOS AGUIA FUME DA 14700 / CA15298|SEM GTIN||UN|00|00000000|234|||0|
|0200|7191|OCULOS AMPLA VISĂO 6X1 UNIVET CA 39920|SEM GTIN||UN|00|00000000|234|||0|
|0200|10912|CULOS AMPLA VISĂO RUIZ1 VENTILACAO INDIRECTA CA35564|3295249151133||UN|00|90049020|234|||0|
|0200|8034|OCULOS AMPLAVISAO DANNY PLUTAO INCOLOR CA 14883|7896353821064||UN|00|90049020|234|||0|
|0200|10069|OCULOS BOXER AMBAR VONDER CA42892|7893946601928||UN|00|90049020|234|||0|
|0200|10540|OCULOS BOXER FUME VONDER CA42982|7893946601942||UN|00|90049020|234|||0|
|0200|10486|OCULOS CAYMAN CINZA|7898161067634||UN|00|90049020|234|||0|
|0200|6356|OCULOS CG 500 VISOR ARTICULADO CARBOGRAFITE CA 8091|7898161062363||UN|00|90049020|234|||0|
|0200|4515|OCULOS DANNY AGUIA INCOLOR / CA14990|7896353820845||UN|00|90049020|234|||0|
|0200|5940|OCULOS DE PROTECAO SS2-I-AR - CA 26127 S063|7898940748051||UN|00|90049020|234|||0|
|0200|8506|CULOS DE SOLDA TON.5 - CA 10525 - CARBOGRAFITE|SEM GTIN||UN|00|90049020|234|||0|
|0200|8488|OCULOS EVEREST AMPLA VISAO FUME DANNY - CA 19628|SEM GTIN||UN|00|00000000|234|||0|
|0200|7351|OCULOS GENESIS INCOLOR - CA 18819 - UVEX|SEM GTIN||UN|00|90049020|234|||0|
|0200|9186|CULOS INCOLOR / A800 / CA18821 / UVEX|SEM GTIN||UN|00|00000000|234|||0|
|0200|7736|OCULOS MACARIQUEIRO - CA3135 - CARBOGRAFITE|7898161062332||UN|00|90049020|234|||0|
|0200|11343|OCULOS MODENA CINZA AR UV CA 47199|7890988786606||UN|00|90049020|234|||0|
|0200|11407|OCULOS MSA ULTRALIGHT CINZA CA 39959|7899619615681||UN|00|90049020|234|||0|
|0200|6511|OCULOS NEON AZUL ESPELHADO (AR/AE/UV) - CA 40906 - STEEFLEX|7890988627541||UN|00|90049020|234|||0|
|0200|11157|OCULOS ORION 7000 CANE VISION|7898494150980||UN|00|90049020|234|||0|
|0200|10167|OCULOS RJ INCOLOR CA48553|SEM GTIN||UN|00|90049020|234|||0|
|0200|9967|OCULOS SEGURANÇA COR LENTE CINZA ANTIEMBACANTE ANTI-RISCO EAGLE CA19631|SEM GTIN||UN|00|00000000|234|||0|
|0200|8167|OCULOS SKY RAYBAN VERDE CA39878|7898554010315||UN|00|90049020|234|||0|
|0200|10594|OCULOS SOBREPOR PERSONA INCOLOR CA16462|7896353821224||UN|00|90049020|234|||0|
|0200|9709|OCULOS SPECTRA 3000 INCOLOR - CA48030 - CARBOGRAFITE|7898161069638||UN|00|90049020|234|||0|
|0200|3590|OCULOS SUMMER FUME - CA19176 - DELTA PLUS|SEM GTIN||UN|00|90049020|234|||0|
|0200|3591|OCULOS SUMMER INCOLOR - CA 19176 - DELTA PLUS|SEM GTIN||UN|00|90049020|234|||0|
|0200|5825|OCULOS TURBINE LENTE INCOLOR / CA 20717|7898530880314||UN|00|90049020|234|||0|
|0200|1803|OCULOS VENEZA AZUL ESP / CA35157|7898390942443||PC|00|90049020|234|||0|
|0200|5491|OCULOS VVISION 100 CINZA / CA42716|SEM GTIN||UN|00|90049020|234|||0|
|0200|5492|OCULOS VVISION 100 INCOLOR / CA42716|SEM GTIN||UN|00|90049020|234|||0|
|0200|10584|OCULOS VVISION 200 AMARELO ANTIRRISCO CA 50606|SEM GTIN||UN|00|90049020|234|||0|
|0200|5489|OCULOS VVISION 200 CINZA / CA50606|SEM GTIN||UN|00|90049020|234|||0|
|0200|5490|OCULOS VVISION 200 INCOLOR / CA50606|SEM GTIN||UN|00|90049020|234|||0|
|0200|11137|PA AJUNTADEIRA BICO NR3 COM CB RETO|7899009032364||UN|00|82011000|234|||0|
|0200|679|PA ANTI-FAISCANTE - CABO 0,5 M.|7898494150034||UN|00|44170090|234|||0|
|0200|10747|PA QUADRADA NR 4 C/CABO Y 954|SEM GTIN||UN|00|82011000|234|||0|
|0200|11189|PAF1011 ESTA PORTA DEVERA PERMANECER ABERTA - PVC RIGIDO 1MM - FOTOLUMINESCENTE - 24X12CM|7890274030710||UN|00|39204900|234|||0|
|0200|10041|PAF601 M4 PORTA CORTA-FOGO E OBRIGATORIO MANTER FECHADA - PVC EXPANDIDO 2MM - FOTOLUMINESCENTE - 24X|7890274025037||UN|00|39211900|234|||0|
|0200|10688|PAF686 M1 SISTEMA DE SEGURANCA CONTRA INCENDIO - PVC EXPANDIDO 2MM - FOTOLUMINESCENTE - 30X40CM|7890274017759||UN|00|39211900|234|||0|
|0200|10042|PAF918 S8 ESCADA DE EMERGENCIA A DIREITA BAIXO - PVC RIGIDO 1MM - FOTOLUMINESCENTE - 24X12CM|7890274022029||UN|00|39204900|234|||0|
|0200|10689|PAF920 S11 ESCADA DE EMERGENCIA A DIREITA ACIMA - PVC RIGIDO 1MM - FOTOLUMINESCENTE - 24X12CM|7890274022043||UN|00|39204900|234|||0|
|0200|10849|PALMILHA ERGONÔMICA - 35|SEM GTIN||UN|00|64069020|234|||0|
|0200|4330|PALMILHA ERGONÔMICA - 36|SEM GTIN||UN|00|64069020|234|||0|
|0200|858|PALMILHA ERGONÔMICA - 42|SEM GTIN||PR|00|40081100|234|||0|
|0200|763|PALMILHA ERGONÔMICA - 44|SEM GTIN||PR|00|64051010|234|||0|
|0200|11238|PASTA PARA SOLDAR 110G VONDER|7893946029173||UN|00|38101020|234|||0|
|0200|11239|PE DE CABRA 3/4_X 40CM REDONDO 954|7893946791049||UN|00|82055900|234|||0|
|0200|495|PEDESTAL PLASTICO ZEBRADO 90CM - EPI 360|SEM GTIN||UN|00|39172900|234|||0|
|0200|6358|PEDRA P/ CENTELHADOR - 5 UNID - CARBOGRAFITE|7898489554076||PC|00|36069000|234|||0|
|0200|11237|PENEIRA COM ARCO DE PLASTICO|7893946535735||UN|00|96040000|234|||0|
|0200|6260|PERNEIRA BIDIN - C/VELCRO - CA48478|SEM GTIN||UN|00|62101000|234|||0|
|0200|6261|PERNEIRA BIDIN - S/ VELCRO - CA 27348 - CALDAS SEG|SEM GTIN||UN|00|62101000|234|||0|
|0200|10981|PERNEIRA BIDIN 3TP COM VELCRO E ENGATE TAM P CA48478|SEM GTIN||UN|00|62101000|234|||0|
|0200|8646|PERNEIRA RASPA COM FIVELA - CA44680 - ÓTIMA|SEM GTIN||PAR|00|42032900|234|||0|
|0200|10408|PERNEIRA SEG 03 TL PVC SAYRO CA 11410|7898484230029||UN|00|64069090|234|||0|
|0200|3624|PERNEIRA SEG 3 TALA PVC VELCRO E FIVELA CA 14750|7898484230616||UN|00|64069090|234|||0|
|0200|10519|PICARETA CHIBANCA COM CABO VONDER|SEM GTIN||UN|00|00000000|234|||0|
|0200|10494|PICKER RS CRAZY HORSE CAFE - PICKERRS-PICKER E N36 CA43770|3456251162085||UN|00|64039190|234|||0|
|0200|10496|PICKER RS CRAZY HORSE CAFE - PICKERRS-PICKER E N38 CA43770|3456251150242||UN|00|64039190|234|||0|
|0200|10499|PICKER RS CRAZY HORSE CAFE - PICKERRS-PICKER.E N42 CA43770|3456251150280||UN|00|64039190|234|||0|
|0200|10500|PICKER RS CRAZY HORSE CAFE - PICKERRS-PICKER.E N43 CA43770|3456251159573||UN|00|64039190|234|||0|
|0200|10501|PICKER RS CRAZY HORSE CAFE - PICKERRS-PICKER.E N44 CA43770|3456251161019||UN|00|64039190|234|||0|
|0200|11308|PILHA ALCALINA _AA_ PEQ 4PCS ELGIN|7897013534195||UN|00|85061019|234|||0|
|0200|10999|PILHA ALCALINA _AAA_ PALITO 4PCS ELGIN|7897013534218||UN|00|85061019|234|||0|
|0200|11180|PINCEL (C) 1_ 954|7893946468903||UN|00|96034090|234|||0|
|0200|11436|PINO ADAPT UNIV 3P RED BCO 1661 DANEVA|7896586816615||UN|00|85369090|234|||0|
|0200|10906|PLACA PAF936 S17-1 1 ANDAR 15X15 CM|SEM GTIN||UN|00|39204900|234|||0|
|0200|10907|PLACA PAF937 S17-2 2 ANDAR 15X15 CM|7890274026515||UN|00|39204900|234|||0|
|0200|10908|PLACA PAF938 S17-3 3 ANDAR 15X15 CM|7890274026522||UN|00|39204900|234|||0|
|0200|10909|PLACA PAF966 S17-T TERREO 15X15 CM|7890274026805||UN|00|39204900|234|||0|
|0200|9238|PLACA PR5010 PERIGO AFASTE-SE 1,50MM 30X20CM|7890274006715||CX|00|39203000|234|||0|
|0200|10522|PLACA BANHEIRO MASCULINO/FEMININO PS67 20X15CM|7890274000713||UN|00|39203000|234|||0|
|0200|10523|PLACA HIGIENE BANHEIRO UNISSEX PS30 15X20CM|7890274000003||UN|00|39203000|234|||0|
|0200|10535|PLACA JOGUE LIXO NO LIXO PS15 15X20CM|7890274000157||UN|00|39203000|234|||0|
|0200|10347|PLACA NUMEROLOGIA 30 X 40 - 30 1202|7899874110396||UN|00|49111090|234|||0|
|0200|10665|PLACA NUMEROLOGIA 30 X 40 X 1,5MM - LARANJA S/ NUMEROS|SEM GTIN||UN|00|49111090|234|||0|
|0200|11446|PLACA PAF11 S7 SAIDA DE EMERGENCIA A ESQUERDA BAIXO FOTOLUMINESCENTE - 24X12CM|7890274013669||UN|00|39211900|234|||0|
|0200|11445|PLACA PAF12 S6 SAIDA DE EMERGENCIA A DIREITA BAIXO FOTOLUMINESCENTE - 24X12CM|7890274013676||UN|00|39211900|234|||0|
|0200|11443|PLACA PAF13 S5 SAIDA DE EMERGENCIA A ESQUERDA ACIMA FOTOLUMINESCENTE - 24X12CM|7890274013683||UN|00|39211900|234|||0|
|0200|11444|PLACA PAF14 S4 SAIDA DE EMERGENCIA A DIREITA ACIMA FOTOLUMINESCENTE - 24X12CM|7890274013690||UN|00|39211900|234|||0|
|0200|11442|PLACA PAF17 S3 SAIDA DE EMERGENCIA A FRENTE FOTOLUMINESCENTE - 24X12CM|7890274013720||UN|00|39211900|234|||0|
|0200|10045|PLACA PAF174 M1 SISTEMA DE SEGURANCA CONTRA INCENDIO 25X35CM|7890274008597||UN|00|39211900|234|||0|
|0200|9793|PLACA PAF549 SETA ROTA PROXIMO AO PISO FOTOLUMINESCENTE 20X7CM PAF549 C1|7890274016691||UN|00|39204900|234|||0|
|0200|5115|PLACA PERIGOELETRICIDADE SOMENTE PESSOAL AUTORIZADO PS807|SEM GTIN||UN|00|00000000|234|||0|
|0200|11448|PLACA PR5019 PERIGO LIQUIDO INFLAMAVEL 30X20CM|7890274006807||UN|00|39203000|234|||0|
|0200|10534|PLACA PROIBIDO JOGAR LIXO PS153 13X30CM|SEM GTIN||UN|00|39203000|234|||0|
|0200|9757|PLACA PS 0,80MM 1,5X3,6CM PS75 220 V (C/13 UN DEST)|SEM GTIN||UN|00|39203000|234|||0|
|0200|9758|PLACA PS 0,80MM 10X15CM PS170 CHAVE GERAL/ALTA TENS/CHOQ ELETR/RISCO (KIT 04 PLACAS)|7890274002960||UN|00|39203000|234|||0|
|0200|9760|PLACA PS 0,80MM 15X20CM PS102 HIGIENE - BANHEIRO FEMININO|7890274002250||UN|00|39203000|234|||0|
|0200|9761|PLACA PS 0,80MM 15X20CM PS157 PROIBIDO USO DO CELULAR|7890274002830||UN|00|39203000|234|||0|
|0200|9762|PLACA PS 0,80MM 15X20CM PS159 PERIGO - RISCO CHOQUE ELETRICO|7890274002854||UN|00|39203000|234|||0|
|0200|9764|PLACA PS 0,80MM 15X20CM PS488 AVISO - ENTRADA SOMENTE DE PESSSOAS AUTORIZADAS|SEM GTIN||UN|00|39203000|234|||0|
|0200|9765|PLACA PS 0,80MM 15X20CM PS65 FEMININO|7890274000690||UN|00|39203000|234|||0|
|0200|9766|PLACA PS 0,80MM 15X20CM PS650 MONITORAMENTO POR CAMERA DE SEGURANCA|SEM GTIN||UN|00|39203000|234|||0|
|0200|9767|PLACA PS 0,80MM 15X20CM PS66 MASCULINO|7890274000706||UN|00|39203000|234|||0|
|0200|9768|PLACA PS 0,80MM 15X20CM PS78 HIGIENE - BANHEIRO MASCULINO|7890274000829||UN|00|39203000|234|||0|
|0200|9769|PLACA PS 0,80MM 15X20CM PS91 SORRIA VOCE ESTA SENDO FILMADO|7890274002137||UN|00|39203000|234|||0|
|0200|9770|PLACA PS 0,80MM 20X30CM PS24 CUIDADO - CAO BRAVO|SEM GTIN||UN|00|39203000|234|||0|
|0200|9771|PLACA PS 0,80MM 20X30CM PS253 PROIBIDO ESTACIONAR SUJEITO A GUINCHO|7890274003806||UN|00|39203000|234|||0|
|0200|9773|PLACA PS 0,80MM 30X6,5CM PS38 COZINHA|7890274000423||UN|00|39203000|234|||0|
|0200|9775|PLACA PS 0,80MM 30X6,5CM PS60 EMPURRE|7890274000645||UN|00|39203000|234|||0|
|0200|9777|PLACA PS 0,80MM 30X6,5CM PS62 ENTRADA|SEM GTIN||UN|00|39203000|234|||0|
|0200|9779|PLACA PS 0,80MM 8X12CM CT04 CARTAO DE TRAVAMENTO C/ ILHOS F PERIGO NAO LIGUE V PERIGO ESTA ETIQ|7890274000942||UN|00|39203000|234|||0|
|0200|9781|PLACA PS 1,50MM 30X20CM PR5003 PERIGO - QUENTE|7890274006647||UN|00|39203000|234|||0|
|0200|9784|PLACA PS 1,50MM 30X20CM PR5013 PERIGO - AREA RESTRITA|7890274006746||UN|00|39203000|234|||0|
|0200|9785|PLACA PS 1,50MM 30X20CM PR5039 PERIGO - EQUIPAMENTO EM MANUTENCAO|7890274007620||UN|00|39203000|234|||0|
|0200|9786|PLACA PS 1,50MM 30X40CM PS810 RESERVADO PARA PNE|7890274015311||UN|00|39203000|234|||0|
|0200|11190|PLACA PS127 PERIGO ELETRICIDADE 20X15CM|7890274002533||UN|00|39203000|234|||0|
|0200|11457|PLACA PS135 380 V - DESTACAVEIS C/ 13 UNID 1,5X3,6CM|SEM GTIN||UN|00|39203000|234|||0|
|0200|9759|PLACA PS151 ENTRADA PROIBIDA|7890274002779||UN|00|39203000|234|||0|
|0200|11450|PLACA PS37 REFEITORIO 30X6,5CM|7890274000416||UN|00|39203000|234|||0|
|0200|11453|PLACA PS42 FECHADO 30X6,5CM|7890274000461||UN|00|39203000|234|||0|
|0200|11452|PLACA PS53 ESCRITORIO 30X6,5CM|7890274000577||UN|00|39203000|234|||0|
|0200|11454|PLACA PS657 PERIGO ESPACO CONFINADO RISCO DE MORTE 20X30CM|SEM GTIN||UN|00|39203000|234|||0|
|0200|11192|PLACA PS708 ATENCAO ESTACIONE DE RE 30X20CM|7890274012167||UN|00|39203000|234|||0|
|0200|11193|PLACA PS712 PROIBIDO USAR O ELEVADOR EM CASO DE INCENDIO 18X18CM|7890274012204||UN|00|39203000|234|||0|
|0200|11456|PLACA PS857 POR FAVOR MANTENHA SEU CAO NA COLEIRA 30X20CM|7890274020940||UN|00|39203000|234|||0|
|0200|11451|PLACA PS86 CUIDADO VENENO 20X30CM|7890274000904||UN|00|39203000|234|||0|
|0200|11455|PLACA PS880 PROIBIDO ENTRADA C/ ANIMAIS 20X30CM|7890274021831||UN|00|39203000|234|||0|
|0200|11449|PLACA PS881 SEGURANCA USO OBRIGATORIO EPIS LUV/MASC/AVEN/CALC/MGT 30X20CM|7890274021862||UN|00|39203000|234|||0|
|0200|9789|PLACA PVC RIG 1,00MM 10X15CM PAF695 E2 - ALARME INCENDIO FOTOLUMINESCENTE|7890274016592||UN|00|39204900|234|||0|
|0200|9790|PLACA PVC RIG 1,00MM 15X15CM PAF229 E5 - EXTINTOR DE INCENDIO FOTOLUMINESCENTE|SEM GTIN||UN|00|39204900|234|||0|
|0200|9791|PLACA PVC RIG 1,00MM 15X15CM PAF239 E7H - HIDRANTE C/ TEXTO E PICTOGRAMA MANGUEIRA FOTOLUMINESCENTE|7890274022364||UN|00|39204900|234|||0|
|0200|9792|PLACA PVC RIG 1,00MM 15X20CM PAF908 E5 - EXTINTOR ABC FOTOLUMINESCENTE|SEM GTIN||UN|00|39204900|234|||0|
|0200|9971|PLACA PVC RIG 1,00MM 25X15CM PAF317 ESCADA DE EMERGENCIA FOTOLUMINESCENTE|7890274015908||UN|00|39204900|234|||0|
|0200|9798|PLACA PVC RIG 1,00MM 25X15CM PAF746 LUMINARIA DE EMERGENCIA FOTOLUMINESCENTE|7890274019029||UN|00|39204900|234|||0|
|0200|7558|PLACA ROTA FUGA ESCADA SUB ESQUERDA FOTOLUMINESCENTE 24X12CM PAF921 S10|SEM GTIN||UN|00|00000000|234|||0|
|0200|7557|PLACA ROTA FUGA SETA DIREITA 24X12CM PAF914 S1|SEM GTIN||UN|00|00000000|234|||0|
|0200|6081|PLACA ROTA FUGA SETA ESQ. FOTOL. 24X12 PAF915 S2|SEM GTIN||UN|00|00000000|234|||0|
|0200|8109|PLACA ROTULO DE RISCO CLASSE 9 SUBSTANCIAS E ARTIGOS PERIGOSOS 30X30CM|SEM GTIN||UN|00|39203000|234|||0|
|0200|10348|PLACA SIMBOLOGIA - MEIO AMBIENTE - 30 X 30|7898494156722||UN|00|49111090|234|||0|
|0200|10349|PLACA SIMBOLOGIA 3 - LIQUIDO INFLAMAVEL - 30 X 30 X 1,5MM|7899874110631||UN|00|49111090|234|||0|
|0200|10758|PONTEIRO MANUAL REDONDO 3/4_ X 8_, VONDER|SEM GTIN||UN|00|00000000|234|||0|
|0200|6540|PORTA FERRAMENTAS 1M - 4K (HA200) - DELTA|SEM GTIN||UN|00|63079090|234|||0|
|0200|2317|PORTA LUVAS GLOVE GUARD AZUL- VOLK|7898207219911||UN|00|39269090|234|||0|
|0200|9916|PR2001 ATENCAO MANTENHA A PORTA FECHADA - PS 1,5MM - 30X20CM|7890274005336||UN|00|39203000|234|||0|
|0200|10180|PR2005 ATENCAO HOMENS TRABALHANDO - PS 1,5MM - 30X20CM|7890274005374||UN|00|39203000|234|||0|
|0200|9970|PR4035 AVISO UTILIZE O CORRIMAO - PS 1,5MM - 30X20CM|SEM GTIN||UN|00|39203000|234|||0|
|0200|10182|PR5016 PERIGO RISCO DE MORTE - PS 1,5MM - 30X20CM|7890274006777||UN|00|39203000|234|||0|
|0200|10181|PR5052 PERIGO RISCO DE CHOQUE ELETRICO - PS 1,5MM - 30X20CM|7890274015700||UN|00|39203000|234|||0|
|0200|5802|PRÉ FILTRO|SEM GTIN||PC|00|63079010|234|||0|
|0200|11349|PRE FILTRO MECANICO P2 AZUL PCT 10 UN|SEM GTIN||UN|00|63079010|234|||0|
|0200|10707|PROPÉ SAPATILHA TNT COM ELASTICO BRANCA|SEM GTIN||UN|00|63079010|234|||0|
|0200|9725|PROT. AUR. SILICONE 15 DB CA 19578|SEM GTIN||UN|00|40159000|234|||0|
|0200|9595|PROTETOR AUDITIVO ACOPLAR - 15DB - CA 43430 - CAMPER|7898953238679||UN|00|39269090|234|||0|
|0200|7397|PROTETOR AUDITIVO CONCHA / ARCO 18DB - CA33135 - CA0MPER|SEM GTIN||UN|00|00000000|234|||0|
|0200|10088|PROTETOR AUDITIVO CONFORT PLUS CA48054|7898953238280||UN|00|39269090|234|||0|
|0200|11247|PROTETOR AURICULAR CAMPER 17DB CA49710|7898953238471||UN|00|39269090|234|||0|
|0200|1807|PROTETOR AURICULAR CONCHA MUFFLER - 21DB - CA14235 - HB004363592|7894854022362||PC|00|39269090|234|||0|
|0200|4211|PROTETOR AURICULAR PLUG - CA5745 - 3M|SEM GTIN||PR|00|39269090|234|||0|
|0200|6703|PROTETOR DE BARBA E BIGODE PROSEG (ANVISA)|SEM GTIN||UN|00|00000000|234|||0|
|0200|10787|ADESIVO VELOCIDADE MAXIMO PERMITIDO 80KM/H|SEM GTIN||UN|00|39199020|234|||0|
|0200|8552|PROTETOR FACIAL COM SUPORTE E VISOR VERDE - CA 25721 - CARBOGRAFITE|7898161068556||UN|00|39269090|234|||0|
|0200|9899|PROTETOR FACIAL JABRE CA 47620|SEM GTIN||UN|00|00000000|234|||0|
|0200|9596|PROTETOR FACIAL TELA C/ CARNEIRA CATRACA / CAMPER|SEM GTIN||UN|00|39269090|234|||0|
|0200|694|PROTETOR FACIALC/SUPORTE UNIVERSAL INCOLOR / CA25721 - CARBOGRAITE|7898161066507||UN|00|39269090|234|||0|
|0200|2708|PROTETOR PARA VERGALHĂO CURTO|7898373160253||UN|00|39259090|234|||0|
|0200|9951|PROTETOR SOLAR FATOR 30 COM REPELENTE HENLAU|SEM GTIN||UN|00|00000000|234|||0|
|0200|10750|PRUMO DE PAREDE METAL 400G 954|7893946473617||UN|00|90158090|234|||0|
|0200|9902|PS100 PROIBIDO FUMAR - PS 0,80MM - 15X20CM|7890274002236||UN|00|39203000|234|||0|
|0200|9914|PS103 PERMITIDO FUMAR - PS 0,80MM - 15X20CM|7890274002267||UN|00|39203000|234|||0|
|0200|1479|PS134 127 V CARTC13 UN DESTAC 15X36X080MM|SEM GTIN||UN|00|39203000|234|||0|
|0200|1472|PS156 PERIGO MATERIAL INFLAMAVEL 20X30X080MM|SEM GTIN||UN|00|39203000|234|||0|
|0200|10179|PS158 PERIGO RISCO DE MORTE - PS 0,80MM - 20X15CM|7890274002847||UN|00|39203000|234|||0|
|0200|10176|PS168 PERIGO CERCA ELETRICA (C/ 4 UNID) - PS AMARELO 0,80MM - 15X10CM|SEM GTIN||UN|00|39203000|234|||0|
|0200|10177|PS169 QUADRO DE FORCA / LUZ / FORCA E LUZ / TELEFONE - KIT C/ 4 PLACAS - PS 0,80MM - 15X10CM|7890274002953||UN|00|39203000|234|||0|
|0200|9911|VINIL ADESIVO 18X18CM AV22 LIXO ORGANICO|7890274004476||UN|00|39199020|234|||0|
|0200|10044|PS205 ADMINISTRACAO - PS 0,80MM - 30X6,5CM|7890274003318||UN|00|39203000|234|||0|
|0200|9903|PS381 NAO ENTRE SEM CAMISA - PS 0,80MM - 15X20CM|7890274006944||UN|00|39203000|234|||0|
|0200|7090|PS411 PLACA PS 0,80MM 20X30CM CUIDADO - MATERIAL TÓXICO|SEM GTIN||UN|00|00000000|234|||0|
|0200|9904|PS419 LIXEIRA - PS 0,80MM - 30X6,5CM|7890274007354||UN|00|39203000|234|||0|
|0200|4779|PS45 MANTENHA A PORTA FECHADA 30X6,5CM/0,80MM|7890274000492||UN|00|39203000|234|||0|
|0200|7541|PS503 PERIGO - RISCO DE INCENDIO - 15X20X080MM|7890274008450||UN|00|39203000|234|||0|
|0200|1782|PS57 ALMOXARIFADO 65X30X080MM|SEM GTIN||UN|00|39203000|234|||0|
|0200|9906|PS633 WIFI - PS 0,80MM - 20X15CM|7890274011139||UN|00|39203000|234|||0|
|0200|1475|PS636 - ATENCAO CALCADO DE SEGURANCA USO OBRIGATORIO (20X30X080MM) - ENCARTALE|SEM GTIN||UN|00|39203000|234|||0|
|0200|6850|PS68 PLACA DEFICIENTE FISICO 15X20CM|7890274000720||UN|00|39203000|234|||0|
|0200|1454|PS71 GUARDE AS FERRAMENTAS 15X20X080MM|SEM GTIN||UN|00|39203000|234|||0|
|0200|10178|PS813 PERIGO QUEDA DE MATERIAIS - PS 1,5MM - 40X30CM|7890274014826||UN|00|39203000|234|||0|
|0200|10926|PS840 PERIGO LIQUIDO INFLAMAVEL - PS 1,5MM - 40X30CM|7890274019722||UN|00|39203000|234|||0|
|0200|10887|PULVERIZADOR 1,5L COMP PREVIA VONDER|7893946421205||UN|00|84248990|234|||0|
|0200|11187|PVC 36 SMART G CA46837|7898619339191||UN|00|39262000|234|||0|
|0200|10647|REPELENTE SUNLAUMAX SPRAY COM ICARIDINA 100ML|SEM GTIN||UN|00|38089199|234|||0|
|0200|11098|RESPIRADOR 1/4 FACIAL C/ FILTRO MASTT 2001-VO/GA CA14781 - ALLTEC|7898950726056||UN|00|90200010|234|||0|
|0200|11348|RESPIRADOR 1/4 FACIAL C/ FILTRO MASTT 2002-VO/GA CA33596 - ALLTEC|SEM GTIN||UN|00|90200010|234|||0|
|0200|4990|RESPIRADOR FACIAL INT FULL FACE RB STD ABS AZUL CA 5758|SEM GTIN||UN|00|00000000|234|||0|
|0200|6966|RESPIRADOR PFF2-S / SEM VALVULA SAYRO - CA 39643|7898930350073||UN|00|63079010|234|||0|
|0200|6697|RESPIRADOR PFF2/N95 10.02 MH HOSPITALAR KSN CA 8357|SEM GTIN||UN|00|63079010|234|||0|
|0200|8487|RESPIRADOR PFF3 COM VALVULA TIPO CONCHA DELTA PLUS CA 40806|SEM GTIN||UN|00|00000000|234|||0|
|0200|6967|RESPIRADOR SEM F / PFF2-S - C/ VALVULA / CA 39644 / SAYRO|7898930350080||UN|00|63079010|234|||0|
|0200|6207|RESPIRADOR SEMI FACIAL COM FILTRO- CA 7072 - CARBOGRAFITE|7898161063049||UN|00|90200010|234|||0|
|0200|5204|RESPIRADOR SEMI FACIAL JUPITER DELTAPLUS / CA40638|3295249198503||UN|00|90200010|234|||0|
|0200|4206|RESPIRADOR SEMI-FACIAL 3M 6200 M / CA4115|SEM GTIN||UN|00|90200010|234|||0|
|0200|497|RETENTOR 501 (PARA FILTRO 0501) 5N11 - 3M|SEM GTIN||PC|00|39269090|234|||0|
|0200|10107|RETENTOR DE FERRAM. CG 01ML|7898161060550||UN|00|40169990|234|||0|
|0200|10108|RETENTOR DE FERRAM. CG 02M|7898161060536||UN|00|40169990|234|||0|
|0200|11179|ROLO ESPUMA 9CM C/CABO 1340-090 TIGRE|7891395021823||UN|00|96034010|234|||0|
|0200|11178|ROLO LA ANTIRRESP 15CM C/SUP VD959 VONDE|7893946566456||UN|00|96034010|234|||0|
|0200|5767|SABĂO DESENGRAXANTE 1KG|SEM GTIN||UN|00|34012090|234|||0|
|0200|10648|SABAO DESENGRAXANTE 25KG|SEM GTIN||UN|00|34025000|234|||0|
|0200|10065|SABAO DESENGRAXANTE 4,5 KG|SEM GTIN||UN|00|34025000|234|||0|
|0200|11258|SAPATO COM CADARCO BICO DE PVC N37 CA 43336|7893963861619||UN|00|64039990|234|||0|
|0200|11259|SAPATO COM CADARÇO BICO DE PVC N39 CA 43336|7893963861626||UN|00|64039990|234|||0|
|0200|11282|SAPATO COM CADARÇO BICO DE PVC N41 CA 43336|7893963861640||UN|00|64039990|234|||0|
|0200|11458|SAPATO ENERGY MICROFIBRA RENO PRETO/CINZA EN10021S2-001 N41 CA50880|SEM GTIN||UN|00|64041900|234|||0|
|0200|9815|SAPATO OCUPACIONAL POLIMÉRICO - BRANCO N.34 - CA 39848 - STICKY SHOES|7899959504973||UN|00|64019990|234|||0|
|0200|9816|SAPATO OCUPACIONAL POLIMÉRICO - BRANCO N.35 - CA 39848 - STICKY SHOES|7899959504799||UN|00|64019990|234|||0|
|0200|9803|SAPATO OCUPACIONAL POLIMÉRICO - BRANCO N.36 - CA 39674 - STICKY SHOES|SEM GTIN||PAR|00|64019990|234|||0|
|0200|9818|SAPATO OCUPACIONAL POLIMÉRICO - BRANCO N.37 - CA 39848 - STICKY SHOES|7899959504812||UN|00|64019990|234|||0|
|0200|9819|SAPATO OCUPACIONAL POLIMÉRICO - BRANCO N.38 - CA 39848 - STICKY SHOES|7899959504829||UN|00|64019990|234|||0|
|0200|9820|SAPATO OCUPACIONAL POLIMÉRICO - BRANCO N.39 - CA 39848 - STICKY SHOES|7899959504836||UN|00|64019990|234|||0|
|0200|9821|SAPATO OCUPACIONAL POLIMÉRICO - BRANCO N.40 - CA 39848 - STICKY SHOES|7899959504843||UN|00|64019990|234|||0|
|0200|9809|SAPATO OCUPACIONAL POLIMÉRICO - BRANCO N.42 - CA 39674 - STICKY SHOES|7899959503488||UN|00|64019990|234|||0|
|0200|9810|SAPATO OCUPACIONAL POLIMÉRICO - BRANCO N.43 - CA 39674 - STICKY SHOES|7899959503495||UN|00|64019990|234|||0|
|0200|9811|SAPATO OCUPACIONAL POLIMÉRICO - BRANCO N.44 - CA 39674 - STICKY SHOES|7899959503501||UN|00|64019990|234|||0|
|0200|9812|SAPATO OCUPACIONAL POLIMÉRICO - BRANCO N.45 - CA 39674 - STICKY SHOES|7899959503518||UN|00|64019990|234|||0|
|0200|9645|SAPATO OCUPACIONAL POLIMÉRICO - PRETO N.34 - CA 39848 - STICKY SHOES|7899959505413||PAR|00|64019990|234|||0|
|0200|9646|SAPATO OCUPACIONAL POLIMÉRICO - PRETO N.35 - CA 39848 - STICKY SHOES|7899959504850||PAR|00|64019990|234|||0|
|0200|9641|SAPATO OCUPACIONAL POLIMÉRICO - PRETO N.40 - CA 39674 - STICKY SHOES|7899959503730||PAR|00|64019990|234|||0|
|0200|9642|SAPATO OCUPACIONAL POLIMÉRICO - PRETO N.41 - CA 39674 - STICKY SHOES|7899959503747||PAR|00|64019990|234|||0|
|0200|9643|SAPATO OCUPACIONAL POLIMÉRICO - PRETO N.42 - CA 39674 - STICKY SHOES|7899959503754||PAR|00|64019990|234|||0|
|0200|9644|SAPATO OCUPACIONAL POLIMÉRICO - PRETO N.43 - CA 39674 - STICKY SHOES|7899959503761||PAR|00|64019990|234|||0|
|0200|9813|SAPATO OCUPACIONAL POLIMÉRICO - PRETO N.44 - CA 39674 - STICKY SHOES|7899959503778||UN|00|64019990|234|||0|
|0200|9814|SAPATO OCUPACIONAL POLIMÉRICO - PRETO N.45 - CA 39674 - STICKY SHOES|7899959503785||UN|00|64019990|234|||0|
|0200|10227|SAPATO VULCAFLEX 10VT48BP CA43334 N36|7893963861374||UN|00|64039990|234|||0|
|0200|10220|SAPATO VULCAFLEX 10VT48BP CA43334 N37|7893963861381||UN|00|64039990|234|||0|
|0200|10221|SAPATO VULCAFLEX 10VT48BP CA43334 N38|7893963861398||UN|00|64039990|234|||0|
|0200|10222|SAPATO VULCAFLEX 10VT48BP CA43334 N39|7893963861404||UN|00|64039990|234|||0|
|0200|10223|SAPATO VULCAFLEX 10VT48BP CA43334 N40|7893963861411||UN|00|64039990|234|||0|
|0200|10224|SAPATO VULCAFLEX 10VT48BP CA43334 N41|7893963861428||UN|00|64039990|234|||0|
|0200|10225|SAPATO VULCAFLEX 10VT48BP CA43334 N42|7893963861435||UN|00|64039990|234|||0|
|0200|10226|SAPATO VULCAFLEX 10VT48BP CA43334 N43|7893963861442||UN|00|64039990|234|||0|
|0200|10228|SAPATO VULCAFLEX 10VT48BP CA43334 N44|7893963861459||UN|00|64039990|234|||0|
|0200|10866|SAPATO VULCAFLEX 10VT48BP CA43334 N45|SEM GTIN||UN|00|64039990|234|||0|
|0200|10749|SERROTE 18_ SE 180 TRIPLA AFIACAO VONDER|7893946153700||UN|00|82021000|234|||0|
|0200|10748|SERROTE DE PODA CURVO 12_ VONDER|7893946683566||UN|00|82021000|234|||0|
|0200|10350|SINALIZADOR BASTAO PL 6010|SEM GTIN||UN|00|85301090|234|||0|
|0200|11280|SINALIZADOR PILHA PL 6002 - PLT|SEM GTIN||UN|00|85301090|234|||0|
|0200|6221|SLOT - SUP PROT AURIC FAC PAR METAL SAYRO|7898930350110||UN|00|39269090|234|||0|
|0200|9920|STF-VS201230 OCULOS NEON CINZA AR/AE/UV - UN - CA40906|7890988627527||UN|00|90049020|234|||0|
|0200|9921|STF-VS201640 OCULOS NEON IN OUT AR/AE/UV - UN -CA 40906|SEM GTIN||UN|00|90049020|234|||0|
|0200|10465|STF-VS201840 OCULOS NEON VERMELHO ESP AR/AE/UV - UN CA 40906|SEM GTIN||UN|00|90049020|234|||0|
|0200|10853|SUPORTE CREME 3,L L|SEM GTIN||UN|00|00000000|234|||0|
|0200|11088|SUPORTE EM FERRO PARA PLACAS - 30 X 40 - PLT|7898494151277||UN|00|72161000|234|||0|
|0200|10424|SUPORTE FACIAL TELADO DELTA PLUS|SEM GTIN||UN|00|65061000|234|||0|
|0200|11085|SUPORTE PARA PLACAS PLT - 30 X 30|SEM GTIN||UN|00|39263000|234|||0|
|0200|11086|SUPORTE PARA PLACAS PLT - 30 X 40|SEM GTIN||UN|00|39263000|234|||0|
|0200|5887|TALABARTE DE POSICIONAMENTO C/ REGULAGEM / LIFE CINTOS|SEM GTIN||UN|00|63072000|234|||0|
|0200|4820|TALABARTE Y ARAMIDA ABS 55MM - MG CINTOS|SEM GTIN||UN|00|42033000|234|||0|
|0200|11009|TALHADEIRA CHATA 1/4_X12_ VONDER|7893946791162||UN|00|82055900|234|||0|
|0200|11248|TELA MALHA DE ACO|7898953238204||UN|00|73269090|234|||0|
|0200|10808|TELA PENEIRA FILTRO DO BICO PULVERIZADOR AZUL MALHA 50|SEM GTIN||UN|00|00000000|234|||0|
|0200|5783|TELA PLÁSTICA TAPUME LARANJA FIT DE 1.20MX1M|7899874102117||UN|00|39269090|234|||0|
|0200|807|TELA SINALEIRO CERQUITE LARANJA E BRANCA 1,20X50M - PLASTCOR|9990001008079||MT|00|39259090|234|||0|
|0200|11004|TESOURA USO GERAL 25CM VONDER|7893946059842||UN|00|82130000|234|||0|
|0200|7686|TIRANTE P/MASCARA SERIE 6200 H0001710963 - 3M|SEM GTIN||UN|00|90200010|234|||0|
|0200|6259|TOUCA ARABE BRIM CINZA - CA 41011 - PRIME|SEM GTIN||UN|00|52093200|234|||0|
|0200|8891|TOUCA ARABE CINZA C/VELCRO OMBRO TOTAL - GANIRIS|SEM GTIN||UN|00|65050090|234|||0|
|0200|8892|TOUCA ARABE HELANCA LEVE CINZA CA 41011|SEM GTIN||UN|00|52093200|234|||0|
|0200|6691|TOUCA BRIM ARABE AZUL PRIME CA 41011|SEM GTIN||UN|00|52093200|234|||0|
|0200|10708|TOUCA NINJA BRANCA POLIVISCOSE TAM U|SEM GTIN||UN|00|65050029|234|||0|
|0200|10576|TOUCA NINJA HELANCA AZUL CA41011|SEM GTIN||UN|00|65050012|234|||0|
|0200|10575|TOUCA NINJA HELANCA CINZA CA41011|SEM GTIN||UN|00|65050012|234|||0|
|0200|10479|TOUCA SOLDADOR BRIM AZUL - NEXUS|SEM GTIN||UN|00|65050011|234|||0|
|0200|6637|TOUCA TIPO NINJA EM MALHA CA 17955|SEM GTIN||UN|00|00000000|234|||0|
|0200|10188|TOUCA TIPO NINJA MALHA BRANCA CA17955|SEM GTIN||UN|00|63079010|234|||0|
|0200|9516|TOUCA TNT PLISSADA COM ELASTICO BRANCA|SEM GTIN||UN|00|65050090|234|||0|
|0200|5888|TRAVA QUEDAS CORDA 12MM LIFE 6008|SEM GTIN||UN|00|73269090|234|||0|
|0200|7700|TRAVESSEIRO ABSORVENTE|SEM GTIN||UN|00|56031430|234|||0|
|0200|10070|TRENA ACO 5M X 19,0MM VONDER|7893946488611||UN|00|90178010|234|||0|
|0200|10754|TRENA DE AÇO EMBORRACHADA 8 M X 25 MM NOVE54|SEM GTIN||UN|00|00000000|234|||0|
|0200|10869|TRENA FIBRA (FITA METRICA) 50M|7893946468163||UN|00|90178010|234|||0|
|0200|7701|TURFA 1KG|SEM GTIN||UN|00|27030000|234|||0|
|0200|10683|VASSOURA METÁLICA PARA GRAMA 22 ARAME C/CABO|SEM GTIN||UN|00|00000000|234|||0|
|0200|966|VIDRO INCOLOR 50MM|SEM GTIN||PC|00|70159020|234|||0|
|0200|9909|VINIL 18X18CM AV18 LIXO PAPEL|7890274004438||UN|00|39199020|234|||0|
|0200|9799|VINIL ADESIVO 18X18CM AV16 ALTA TENSAO (TRIANGULO)|7890274009020||UN|00|39199020|234|||0|
|0200|9912|VINIL ADESIVO 18X18CM AV19 LIXO VIDRO|7890274004445||UN|00|39199020|234|||0|
|0200|9913|VINIL ADESIVO 18X18CM AV20 LIXO METAL|7890274004452||UN|00|39199020|234|||0|
|0200|9907|VINIL ADESIVO 18X18CM AV21 LIXO NAO RECICLAGEM|7890274004469||UN|00|39199020|234|||0|
|0200|9910|VINIL ADESIVO 18X18CM AV23 LIXO PLASTICO|7890274004483||UN|00|39199020|234|||0|
|0200|9908|VINIL ADESIVO 18X18CM AV44 LIXO RECICLAVEL|7890274017674||UN|00|39199020|234|||0|
|0200|9800|VINIL ADESIVO 30X30CM SV31 ROTULO DE RISCO CLASSE 3 LIQUIDO INFLAMAVEL|SEM GTIN||UN|00|39199020|234|||0|
|0200|9801|VINIL ADESIVO 30X30CM SV92 ROTULO DE RISCO CLASSE 9 SUBSTANCIAS PERIGOSAS MEIO AMBIENTE|7890274011405||UN|00|39199020|234|||0|
|0200|11169|VISOR POLICARBONATO EVOLUTION|SEM GTIN||UN|00|00000000|234|||0|
|0200|2913|JUGULAR DE LONA|SEM GTIN||UN|00|65070000|234|||12|
|0500|07032025|02|A|5|1.1.5.01.001|MERCADORIA P/REVENDA|||
|0500|07032025|02|A|5|4.1.1.01.003|MERCADORIA P/REVENDA|||
|0990|975|
|A001|1|
|A990|2|
|C001|0|
|C010|53614153000195|2|
|C100|1|0|17154899000108|55|00|1|2634|31251153614153000195550010000026341000052785|05112025|05112025|1539|1|0|0|1539|9|0|0|0|1121|129,72|0|0|0|21,41|98,53|0|0|
|C170|1|10965||20|UN|360|0|0||5102||360|12|43,2|0|0|0|0|||360|||01|316,8|1,65|||5,23|01|316,8|7,6|||24,08|4.1.1.01.003|
|C170|2|9658||10|UN|380|0|0||5405||0|0|0|0|0|0|0||||||01|380|1,65|||6,27|01|380|7,6|||28,88|4.1.1.01.003|
|C170|3|11268||15|UN|45|0|0||5102||45|12|5,4|0|0|0|0|||45|||01|39,6|1,65|||0,65|01|39,6|7,6|||3,01|4.1.1.01.003|
|C170|4|10555||12|UN|60|0|0||5102||60|12|7,2|0|0|0|0|||60|||01|52,8|1,65|||0,87|01|52,8|7,6|||4,01|4.1.1.01.003|
|C170|5|7262||12|PR|60|0|0||5102||60|12|7,2|0|0|0|0|||60|||01|52,8|1,65|||0,87|01|52,8|7,6|||4,01|4.1.1.01.003|
|C170|6|6969||1|UN|50|0|0||5102||50|12|6|0|0|0|0|||50|||01|44|1,65|||0,73|01|44|7,6|||3,34|4.1.1.01.003|
|C170|7|4905||1|UN|68|0|0||5102||68|12|8,16|0|0|0|0|||68|||01|59,84|1,65|||0,99|01|59,84|7,6|||4,55|4.1.1.01.003|
|C170|8|6258||5|UN|50|0|0||5102||50|12|6|0|0|0|0|||50|||01|44|1,65|||0,73|01|44|7,6|||3,34|4.1.1.01.003|
|C170|9|1565||8|UN|128|0|0||5102||128|12|15,36|0|0|0|0|||128|||49|112,64|0|||0|49|112,64|0|||0|4.1.1.01.003|
|C170|10|10086||10|UN|150|0|0||5102||150|12|18|0|0|0|0|||150|||01|132|1,65|||2,18|01|132|7,6|||10,03|4.1.1.01.003|
|C170|11|10549||3|UN|45|0|0||5102||45|4|1,8|0|0|0|0|||45|||01|43,2|1,65|||0,71|01|43,2|7,6|||3,28|4.1.1.01.003|
|C170|12|10550||1|UN|15|0|0||5102||15|4|0,6|0|0|0|0|||15|||01|14,4|1,65|||0,24|01|14,4|7,6|||1,09|4.1.1.01.003|
|C170|13|7638||1|UN|90|0|0||5102||90|12|10,8|0|0|0|0|||90|||01|79,2|1,65|||1,31|01|79,2|7,6|||6,02|4.1.1.01.003|
|C170|14|9658||1|UN|38|0|0||5405||0|0|0|0|0|0|0||||||01|38|1,65|||0,63|01|38|7,6|||2,89|4.1.1.01.003|
|C100|1|0||55|02|1|2635|31251153614153000195550010000026351000052839|||||||||||||||||||||
|C100|1|0||55|02|1|2636|31251153614153000195550010000026361000052844|||||||||||||||||||||
|C100|1|0|63374710000100|55|00|1|2637|31251153614153000195550010000026371000052850|06112025|06112025|4702,15|1|0|0|4702,15|9|0|0|0|0|0|0|0|0|60,49|278,72|0|0|
|C170|1|4947||5|PC|43,15|0|0||5928||0|0|0|0|0|0|0||||||01|43,15|1,65|||0,71|01|43,15|7,6|||3,28|4.1.1.01.003|
|C170|2|6220||6|UN|129,84|0|0||5928||0|0|0|0|0|0|0||||||01|129,84|1,65|||2,14|01|129,84|7,6|||9,87|4.1.1.01.003|
|C170|3|3221||5|PR|216,9|0|0||5928||0|0|0|0|0|0|0||||||49|216,9|0|||0|49|216,9|0|||0|4.1.1.01.003|
|C170|4|9531||8|UN|79,92|0|0||5928||0|0|0|0|0|0|0||||||01|79,92|1,65|||1,32|01|79,92|7,6|||6,07|4.1.1.01.003|
|C170|5|10072||1200|UN|72|0|0||5928||0|0|0|0|0|0|0||||||01|72|1,65|||1,19|01|72|7,6|||5,47|4.1.1.01.003|
|C170|6|11039||2|UN|31,4|0|0||5928||0|0|0|0|0|0|0||||||01|31,4|1,65|||0,52|01|31,4|7,6|||2,39|4.1.1.01.003|
|C170|7|11076||20|UN|10,4|0|0||5928||0|0|0|0|0|0|0||||||01|10,4|1,65|||0,17|01|10,4|7,6|||0,79|4.1.1.01.003|
|C170|8|11077||35|UN|18,2|0|0||5928||0|0|0|0|0|0|0||||||01|18,2|1,65|||0,3|01|18,2|7,6|||1,38|4.1.1.01.003|
|C170|9|11163||25|UN|13|0|0||5928||0|0|0|0|0|0|0||||||01|13|1,65|||0,21|01|13|7,6|||0,99|4.1.1.01.003|
|C170|10|11079||25|UN|13|0|0||5928||0|0|0|0|0|0|0||||||01|13|1,65|||0,21|01|13|7,6|||0,99|4.1.1.01.003|
|C170|11|11078||20|UN|10,4|0|0||5928||0|0|0|0|0|0|0||||||01|10,4|1,65|||0,17|01|10,4|7,6|||0,79|4.1.1.01.003|
|C170|12|11080||20|UN|10,4|0|0||5928||0|0|0|0|0|0|0||||||01|10,4|1,65|||0,17|01|10,4|7,6|||0,79|4.1.1.01.003|
|C170|13|11081||20|UN|10,4|0|0||5928||0|0|0|0|0|0|0||||||01|10,4|1,65|||0,17|01|10,4|7,6|||0,79|4.1.1.01.003|
|C170|14|11082||20|UN|10,4|0|0||5928||0|0|0|0|0|0|0||||||01|10,4|1,65|||0,17|01|10,4|7,6|||0,79|4.1.1.01.003|
|C170|15|11083||20|UN|10,4|0|0||5928||0|0|0|0|0|0|0||||||01|10,4|1,65|||0,17|01|10,4|7,6|||0,79|4.1.1.01.003|
|C170|16|11084||40|UN|20,8|0|0||5928||0|0|0|0|0|0|0||||||01|20,8|1,65|||0,34|01|20,8|7,6|||1,58|4.1.1.01.003|
|C170|17|8505||10|UN|67,1|0|0||5928||0|0|0|0|0|0|0||||||01|67,1|1,65|||1,11|01|67,1|7,6|||5,1|4.1.1.01.003|
|C170|18|10790||9|UN|229,68|0|0||5928||0|0|0|0|0|0|0||||||01|229,68|1,65|||3,79|01|229,68|7,6|||17,46|4.1.1.01.003|
|C170|19|10786||10|UN|95,2|0|0||5928||0|0|0|0|0|0|0||||||01|95,2|1,65|||1,57|01|95,2|7,6|||7,24|4.1.1.01.003|
|C170|20|10686||6|UN|204,78|0|0||5928||0|0|0|0|0|0|0||||||01|204,78|1,65|||3,38|01|204,78|7,6|||15,56|4.1.1.01.003|
|C170|21|6310||10|UN|60|0|0||5928||0|0|0|0|0|0|0||||||01|60|1,65|||0,99|01|60|7,6|||4,56|4.1.1.01.003|
|C170|22|10811||1|UN|20,37|0|0||5928||0|0|0|0|0|0|0||||||01|20,37|1,65|||0,34|01|20,37|7,6|||1,55|4.1.1.01.003|
|C170|23|11432||4|UN|5,32|0|0||5928||0|0|0|0|0|0|0||||||01|5,32|1,65|||0,09|01|5,32|7,6|||0,4|4.1.1.01.003|
|C170|24|11433||4|UN|17,12|0|0||5928||0|0|0|0|0|0|0||||||01|17,12|1,65|||0,28|01|17,12|7,6|||1,3|4.1.1.01.003|
|C170|25|10738||4|UN|98,96|0|0||5928||0|0|0|0|0|0|0||||||01|98,96|1,65|||1,63|01|98,96|7,6|||7,52|4.1.1.01.003|
|C170|26|10087||4|UN|130|0|0||5928||0|0|0|0|0|0|0||||||01|130|1,65|||2,14|01|130|7,6|||9,88|4.1.1.01.003|
|C170|27|10193||1|UN|279,41|0|0||5928||0|0|0|0|0|0|0||||||01|279,41|1,65|||4,61|01|279,41|7,6|||21,24|4.1.1.01.003|
|C170|28|7542||2|UN|75,9|0|0||5928||0|0|0|0|0|0|0||||||01|75,9|1,65|||1,25|01|75,9|7,6|||5,77|4.1.1.01.003|
|C170|29|10389||2|UN|17,02|0|0||5928||0|0|0|0|0|0|0||||||01|17,02|1,65|||0,28|01|17,02|7,6|||1,29|4.1.1.01.003|
|C170|30|6721||1|UN|69,81|0|0||5928||0|0|0|0|0|0|0||||||01|69,81|1,65|||1,15|01|69,81|7,6|||5,31|4.1.1.01.003|
|C170|31|6720||6|UN|200,34|0|0||5928||0|0|0|0|0|0|0||||||01|200,34|1,65|||3,31|01|200,34|7,6|||15,23|4.1.1.01.003|
|C170|32|9518||19|UN|139,27|0|0||5928||0|0|0|0|0|0|0||||||01|139,27|1,65|||2,3|01|139,27|7,6|||10,58|4.1.1.01.003|
|C170|33|10017||40|UN|384,4|0|0||5928||0|0|0|0|0|0|0||||||01|384,4|1,65|||6,34|01|384,4|7,6|||29,21|4.1.1.01.003|
|C170|34|7841||10|UN|76,2|0|0||5928||0|0|0|0|0|0|0||||||01|76,2|1,65|||1,26|01|76,2|7,6|||5,79|4.1.1.01.003|
|C170|35|7842||21|UN|158,76|0|0||5928||0|0|0|0|0|0|0||||||01|158,76|1,65|||2,62|01|158,76|7,6|||12,07|4.1.1.01.003|
|C170|36|3103||2|UN|173,92|0|0||5928||0|0|0|0|0|0|0||||||49|173,92|0|||0|49|173,92|0|||0|4.1.1.01.003|
|C170|37|6702||80|UN|145,6|0|0||5928||0|0|0|0|0|0|0||||||01|145,6|1,65|||2,4|01|145,6|7,6|||11,07|4.1.1.01.003|
|C170|38|616||60|UN|509,4|0|0||5928||0|0|0|0|0|0|0||||||49|509,4|0|||0|49|509,4|0|||0|4.1.1.01.003|
|C170|39|10542||1|UN|27,77|0|0||5928||0|0|0|0|0|0|0||||||01|27,77|1,65|||0,46|01|27,77|7,6|||2,11|4.1.1.01.003|
|C170|40|7042||3|UN|277,29|0|0||5928||0|0|0|0|0|0|0||||||01|277,29|1,65|||4,58|01|277,29|7,6|||21,07|4.1.1.01.003|
|C170|41|6329||1|UN|43,15|0|0||5928||0|0|0|0|0|0|0||||||01|43,15|1,65|||0,71|01|43,15|7,6|||3,28|4.1.1.01.003|
|C170|42|10736||4|UN|63,6|0|0||5928||0|0|0|0|0|0|0||||||01|63,6|1,65|||1,05|01|63,6|7,6|||4,83|4.1.1.01.003|
|C170|43|10109||2|UN|152,88|0|0||5928||0|0|0|0|0|0|0||||||01|152,88|1,65|||2,52|01|152,88|7,6|||11,62|4.1.1.01.003|
|C170|44|1565||14|UN|134,54|0|0||5928||0|0|0|0|0|0|0||||||49|134,54|0|||0|49|134,54|0|||0|4.1.1.01.003|
|C170|45|9506||5|UN|143,75|0|0||5928||0|0|0|0|0|0|0||||||01|143,75|1,65|||2,37|01|143,75|7,6|||10,92|4.1.1.01.003|
|C100|1|0|63374710000100|55|00|1|2638|31251153614153000195550010000026381000052873|07112025|07112025|10416,72|1|0|0|10416,72|9|0|0|0|0|0|0|0|0|162,63|749,31|0|0|
|C170|1|8564||118|UN|482,62|0|0||5928||0|0|0|0|0|0|0||||||01|482,62|1,65|||7,96|01|482,62|7,6|||36,68|4.1.1.01.003|
|C170|2|10373||5|UN|7,95|0|0||5928||0|0|0|0|0|0|0||||||01|7,95|1,65|||0,13|01|7,95|7,6|||0,6|4.1.1.01.003|
|C170|3|11422||3|UN|4,29|0|0||5928||0|0|0|0|0|0|0||||||01|4,29|1,65|||0,07|01|4,29|7,6|||0,33|4.1.1.01.003|
|C170|4|680||10|UN|11,9|0|0||5928||0|0|0|0|0|0|0||||||49|11,9|0|||0|49|11,9|0|||0|4.1.1.01.003|
|C170|5|10807||3|UN|134,04|0|0||5928||0|0|0|0|0|0|0||||||01|134,04|1,65|||2,21|01|134,04|7,6|||10,19|4.1.1.01.003|
|C170|6|8324||1|UN|157,44|0|0||5928||0|0|0|0|0|0|0||||||01|157,44|1,65|||2,6|01|157,44|7,6|||11,97|4.1.1.01.003|
|C170|7|10995||1|UN|278,44|0|0||5928||0|0|0|0|0|0|0||||||01|278,44|1,65|||4,59|01|278,44|7,6|||21,16|4.1.1.01.003|
|C170|8|11298||1|UN|278,44|0|0||5928||0|0|0|0|0|0|0||||||01|278,44|1,65|||4,59|01|278,44|7,6|||21,16|4.1.1.01.003|
|C170|9|9624||2|UN|389,12|0|0||5928||0|0|0|0|0|0|0||||||01|389,12|1,65|||6,42|01|389,12|7,6|||29,57|4.1.1.01.003|
|C170|10|9623||1|UN|194,56|0|0||5928||0|0|0|0|0|0|0||||||01|194,56|1,65|||3,21|01|194,56|7,6|||14,79|4.1.1.01.003|
|C170|11|7352||2|UN|325,36|0|0||5928||0|0|0|0|0|0|0||||||01|325,36|1,65|||5,37|01|325,36|7,6|||24,73|4.1.1.01.003|
|C170|12|8129||6|UN|198,6|0|0||5928||0|0|0|0|0|0|0||||||01|198,6|1,65|||3,28|01|198,6|7,6|||15,09|4.1.1.01.003|
|C170|13|10719||3|UN|168,69|0|0||5928||0|0|0|0|0|0|0||||||01|168,69|1,65|||2,78|01|168,69|7,6|||12,82|4.1.1.01.003|
|C170|14|10191||4|UN|139,76|0|0||5928||0|0|0|0|0|0|0||||||01|139,76|1,65|||2,31|01|139,76|7,6|||10,62|4.1.1.01.003|
|C170|15|6689||10|UN|51,7|0|0||5928||0|0|0|0|0|0|0||||||01|51,7|1,65|||0,85|01|51,7|7,6|||3,93|4.1.1.01.003|
|C170|16|8469||51|UN|264,69|0|0||5928||0|0|0|0|0|0|0||||||01|264,69|1,65|||4,37|01|264,69|7,6|||20,12|4.1.1.01.003|
|C170|17|10831||35|UN|166,95|0|0||5928||0|0|0|0|0|0|0||||||01|166,95|1,65|||2,75|01|166,95|7,6|||12,69|4.1.1.01.003|
|C170|18|6687||27|UN|228,69|0|0||5928||0|0|0|0|0|0|0||||||01|228,69|1,65|||3,77|01|228,69|7,6|||17,38|4.1.1.01.003|
|C170|19|6228||2|UN|67,52|0|0||5928||0|0|0|0|0|0|0||||||01|67,52|1,65|||1,11|01|67,52|7,6|||5,13|4.1.1.01.003|
|C170|20|6571||31|UN|236,53|0|0||5928||0|0|0|0|0|0|0||||||01|236,53|1,65|||3,9|01|236,53|7,6|||17,98|4.1.1.01.003|
|C170|21|11263||1|UN|52,33|0|0||5928||0|0|0|0|0|0|0||||||01|52,33|1,65|||0,86|01|52,33|7,6|||3,98|4.1.1.01.003|
|C170|22|10881||1|UN|65,93|0|0||5928||0|0|0|0|0|0|0||||||01|65,93|1,65|||1,09|01|65,93|7,6|||5,01|4.1.1.01.003|
|C170|23|11421||2|UN|135,3|0|0||5928||0|0|0|0|0|0|0||||||01|135,3|1,65|||2,23|01|135,3|7,6|||10,28|4.1.1.01.003|
|C170|24|10209||3|UN|498,93|0|0||5928||0|0|0|0|0|0|0||||||01|498,93|1,65|||8,23|01|498,93|7,6|||37,92|4.1.1.01.003|
|C170|25|10839||1|UN|174,61|0|0||5928||0|0|0|0|0|0|0||||||01|174,61|1,65|||2,88|01|174,61|7,6|||13,27|4.1.1.01.003|
|C170|26|10511||3|UN|523,83|0|0||5928||0|0|0|0|0|0|0||||||01|523,83|1,65|||8,64|01|523,83|7,6|||39,81|4.1.1.01.003|
|C170|27|10512||1|UN|174,61|0|0||5928||0|0|0|0|0|0|0||||||01|174,61|1,65|||2,88|01|174,61|7,6|||13,27|4.1.1.01.003|
|C170|28|10450||8|UN|348,16|0|0||5928||0|0|0|0|0|0|0||||||01|348,16|1,65|||5,74|01|348,16|7,6|||26,46|4.1.1.01.003|
|C170|29|10451||12|UN|539,28|0|0||5928||0|0|0|0|0|0|0||||||01|539,28|1,65|||8,9|01|539,28|7,6|||40,99|4.1.1.01.003|
|C170|30|10452||6|UN|268,44|0|0||5928||0|0|0|0|0|0|0||||||01|268,44|1,65|||4,43|01|268,44|7,6|||20,4|4.1.1.01.003|
|C170|31|4575||14|PR|626,36|0|0||5928||0|0|0|0|0|0|0||||||01|626,36|1,65|||10,33|01|626,36|7,6|||47,6|4.1.1.01.003|
|C170|32|4580||2|PR|89,48|0|0||5928||0|0|0|0|0|0|0||||||01|89,48|1,65|||1,48|01|89,48|7,6|||6,8|4.1.1.01.003|
|C170|33|10455||1|UN|44,74|0|0||5928||0|0|0|0|0|0|0||||||01|44,74|1,65|||0,74|01|44,74|7,6|||3,4|4.1.1.01.003|
|C170|34|10456||6|UN|261,12|0|0||5928||0|0|0|0|0|0|0||||||01|261,12|1,65|||4,31|01|261,12|7,6|||19,85|4.1.1.01.003|
|C170|35|10457||2|UN|87,04|0|0||5928||0|0|0|0|0|0|0||||||01|87,04|1,65|||1,44|01|87,04|7,6|||6,62|4.1.1.01.003|
|C170|36|1061||10|PR|333,2|0|0||5928||0|0|0|0|0|0|0||||||49|333,2|0|||0|49|333,2|0|||0|4.1.1.01.003|
|C170|37|1060||3|PR|105,45|0|0||5928||0|0|0|0|0|0|0||||||49|105,45|0|||0|49|105,45|0|||0|4.1.1.01.003|
|C170|38|1202||2|PR|71,6|0|0||5928||0|0|0|0|0|0|0||||||49|71,6|0|||0|49|71,6|0|||0|4.1.1.01.003|
|C170|39|1206||1|PR|35,8|0|0||5928||0|0|0|0|0|0|0||||||49|35,8|0|||0|49|35,8|0|||0|4.1.1.01.003|
|C170|40|4573||7|PR|233,24|0|0||5928||0|0|0|0|0|0|0||||||01|233,24|1,65|||3,85|01|233,24|7,6|||17,73|4.1.1.01.003|
|C170|41|11072||1|UN|175,48|0|0||5928||0|0|0|0|0|0|0||||||01|175,48|1,65|||2,9|01|175,48|7,6|||13,34|4.1.1.01.003|
|C170|42|11073||1|UN|175,48|0|0||5928||0|0|0|0|0|0|0||||||01|175,48|1,65|||2,9|01|175,48|7,6|||13,34|4.1.1.01.003|
|C170|43|11071||2|UN|350,96|0|0||5928||0|0|0|0|0|0|0||||||01|350,96|1,65|||5,79|01|350,96|7,6|||26,67|4.1.1.01.003|
|C170|44|10645||1|UN|131,67|0|0||5928||0|0|0|0|0|0|0||||||01|131,67|1,65|||2,17|01|131,67|7,6|||10,01|4.1.1.01.003|
|C170|45|10644||1|UN|131,67|0|0||5928||0|0|0|0|0|0|0||||||01|131,67|1,65|||2,17|01|131,67|7,6|||10,01|4.1.1.01.003|
|C170|46|10643||1|UN|131,67|0|0||5928||0|0|0|0|0|0|0||||||01|131,67|1,65|||2,17|01|131,67|7,6|||10,01|4.1.1.01.003|
|C170|47|10642||1|UN|131,67|0|0||5928||0|0|0|0|0|0|0||||||01|131,67|1,65|||2,17|01|131,67|7,6|||10,01|4.1.1.01.003|
|C170|48|11344||1|UN|649,97|0|0||5928||0|0|0|0|0|0|0||||||01|649,97|1,65|||10,72|01|649,97|7,6|||49,4|4.1.1.01.003|
|C170|49|11284||1|UN|81,41|0|0||5928||0|0|0|0|0|0|0||||||01|81,41|1,65|||1,34|01|81,41|7,6|||6,19|4.1.1.01.003|
|C100|1|0|63374710000100|55|00|1|2639|31251153614153000195550010000026391000052897|07112025|07112025|11097,75|1|0|0|11097,75|9|0|0|0|0|0|0|0|0|101,61|467,99|0|0|
|C170|1|11285||1|UN|81,41|0|0||5928||0|0|0|0|0|0|0||||||01|81,41|1,65|||1,34|01|81,41|7,6|||6,19|4.1.1.01.003|
|C170|2|11288||1|UN|81,41|0|0||5928||0|0|0|0|0|0|0||||||01|81,41|1,65|||1,34|01|81,41|7,6|||6,19|4.1.1.01.003|
|C170|3|1661||8|PR|670|0|0||5928||0|0|0|0|0|0|0||||||49|670|0|||0|49|670|0|||0|4.1.1.01.003|
|C170|4|1294||1|PR|83,75|0|0||5928||0|0|0|0|0|0|0||||||49|83,75|0|||0|49|83,75|0|||0|4.1.1.01.003|
|C170|5|1295||1|PR|83,75|0|0||5928||0|0|0|0|0|0|0||||||49|83,75|0|||0|49|83,75|0|||0|4.1.1.01.003|
|C170|6|1296||1|PR|83,75|0|0||5928||0|0|0|0|0|0|0||||||49|83,75|0|||0|49|83,75|0|||0|4.1.1.01.003|
|C170|7|1298||1|PR|83,75|0|0||5928||0|0|0|0|0|0|0||||||49|83,75|0|||0|49|83,75|0|||0|4.1.1.01.003|
|C170|8|762||1|PR|83,75|0|0||5928||0|0|0|0|0|0|0||||||49|83,75|0|||0|49|83,75|0|||0|4.1.1.01.003|
|C170|9|8340||1|UN|192,56|0|0||5928||0|0|0|0|0|0|0||||||01|192,56|1,65|||3,18|01|192,56|7,6|||14,63|4.1.1.01.003|
|C170|10|8341||1|PR|192,56|0|0||5928||0|0|0|0|0|0|0||||||01|192,56|1,65|||3,18|01|192,56|7,6|||14,63|4.1.1.01.003|
|C170|11|7585||1|PAR|83,75|0|0||5928||0|0|0|0|0|0|0||||||01|83,75|1,65|||1,38|01|83,75|7,6|||6,36|4.1.1.01.003|
|C170|12|6651||4|PAR|335|0|0||5928||0|0|0|0|0|0|0||||||01|335|1,65|||5,53|01|335|7,6|||25,46|4.1.1.01.003|
|C170|13|6652||2|PAR|167,5|0|0||5928||0|0|0|0|0|0|0||||||01|167,5|1,65|||2,76|01|167,5|7,6|||12,73|4.1.1.01.003|
|C170|14|6653||3|PAR|251,25|0|0||5928||0|0|0|0|0|0|0||||||01|251,25|1,65|||4,15|01|251,25|7,6|||19,09|4.1.1.01.003|
|C170|15|6500||3|PAR|251,25|0|0||5928||0|0|0|0|0|0|0||||||01|251,25|1,65|||4,15|01|251,25|7,6|||19,09|4.1.1.01.003|
|C170|16|6501||1|PAR|83,75|0|0||5928||0|0|0|0|0|0|0||||||01|83,75|1,65|||1,38|01|83,75|7,6|||6,36|4.1.1.01.003|
|C170|17|6762||1|UN|144,5|0|0||5928||0|0|0|0|0|0|0||||||01|144,5|1,65|||2,38|01|144,5|7,6|||10,98|4.1.1.01.003|
|C170|18|5981||1|PR|144,5|0|0||5928||0|0|0|0|0|0|0||||||01|144,5|1,65|||2,38|01|144,5|7,6|||10,98|4.1.1.01.003|
|C170|19|6998||7|PR|223,3|0|0||5928||0|0|0|0|0|0|0||||||49|223,3|0|||0|49|223,3|0|||0|4.1.1.01.003|
|C170|20|6999||3|PR|109,68|0|0||5928||0|0|0|0|0|0|0||||||49|109,68|0|||0|49|109,68|0|||0|4.1.1.01.003|
|C170|21|7000||8|PR|255,2|0|0||5928||0|0|0|0|0|0|0||||||49|255,2|0|||0|49|255,2|0|||0|4.1.1.01.003|
|C170|22|7001||6|PR|191,4|0|0||5928||0|0|0|0|0|0|0||||||49|191,4|0|||0|49|191,4|0|||0|4.1.1.01.003|
|C170|23|7002||16|PR|587,68|0|0||5928||0|0|0|0|0|0|0||||||49|587,68|0|||0|49|587,68|0|||0|4.1.1.01.003|
|C170|24|7003||4|PR|146,92|0|0||5928||0|0|0|0|0|0|0||||||49|146,92|0|||0|49|146,92|0|||0|4.1.1.01.003|
|C170|25|7004||21|PR|771,33|0|0||5928||0|0|0|0|0|0|0||||||49|771,33|0|||0|49|771,33|0|||0|4.1.1.01.003|
|C170|26|7005||7|PR|257,11|0|0||5928||0|0|0|0|0|0|0||||||49|257,11|0|||0|49|257,11|0|||0|4.1.1.01.003|
|C170|27|7006||5|PR|183,65|0|0||5928||0|0|0|0|0|0|0||||||49|183,65|0|||0|49|183,65|0|||0|4.1.1.01.003|
|C170|28|7007||1|PR|36,73|0|0||5928||0|0|0|0|0|0|0||||||49|36,73|0|||0|49|36,73|0|||0|4.1.1.01.003|
|C170|29|7009||2|PR|63,8|0|0||5928||0|0|0|0|0|0|0||||||49|63,8|0|||0|49|63,8|0|||0|4.1.1.01.003|
|C170|30|9060||2|PAR|236,96|0|0||5928||0|0|0|0|0|0|0||||||01|236,96|1,65|||3,91|01|236,96|7,6|||18,01|4.1.1.01.003|
|C170|31|7980||4|PAR|473,92|0|0||5928||0|0|0|0|0|0|0||||||01|473,92|1,65|||7,82|01|473,92|7,6|||36,02|4.1.1.01.003|
|C170|32|6963||7|PAR|829,36|0|0||5928||0|0|0|0|0|0|0||||||01|829,36|1,65|||13,68|01|829,36|7,6|||63,03|4.1.1.01.003|
|C170|33|6615||3|PAR|355,44|0|0||5928||0|0|0|0|0|0|0||||||01|355,44|1,65|||5,86|01|355,44|7,6|||27,01|4.1.1.01.003|
|C170|34|6069||2|PAR|256,8|0|0||5928||0|0|0|0|0|0|0||||||01|256,8|1,65|||4,24|01|256,8|7,6|||19,52|4.1.1.01.003|
|C170|35|6962||2|PAR|236,96|0|0||5928||0|0|0|0|0|0|0||||||01|236,96|1,65|||3,91|01|236,96|7,6|||18,01|4.1.1.01.003|
|C170|36|6743||5|PAR|640,45|0|0||5928||0|0|0|0|0|0|0||||||01|640,45|1,65|||10,57|01|640,45|7,6|||48,67|4.1.1.01.003|
|C170|37|10208||1|UN|182,41|0|0||5928||0|0|0|0|0|0|0||||||01|182,41|1,65|||3,01|01|182,41|7,6|||13,86|4.1.1.01.003|
|C170|38|10018||378|UN|124,74|0|0||5928||0|0|0|0|0|0|0||||||01|124,74|1,65|||2,06|01|124,74|7,6|||9,48|4.1.1.01.003|
|C170|39|7265||4|PAR|162,32|0|0||5928||0|0|0|0|0|0|0||||||01|162,32|1,65|||2,68|01|162,32|7,6|||12,34|4.1.1.01.003|
|C170|40|7266||3|PAR|121,74|0|0||5928||0|0|0|0|0|0|0||||||01|121,74|1,65|||2,01|01|121,74|7,6|||9,25|4.1.1.01.003|
|C170|41|7267||4|PAR|162,32|0|0||5928||0|0|0|0|0|0|0||||||01|162,32|1,65|||2,68|01|162,32|7,6|||12,34|4.1.1.01.003|
|C170|42|7669||4|PAR|162,32|0|0||5928||0|0|0|0|0|0|0||||||01|162,32|1,65|||2,68|01|162,32|7,6|||12,34|4.1.1.01.003|
|C170|43|7268||3|PAR|121,74|0|0||5928||0|0|0|0|0|0|0||||||01|121,74|1,65|||2,01|01|121,74|7,6|||9,25|4.1.1.01.003|
|C170|44|7271||2|PAR|81,16|0|0||5928||0|0|0|0|0|0|0||||||01|81,16|1,65|||1,34|01|81,16|7,6|||6,17|4.1.1.01.003|
|C170|45|126||8|PAR|240,8|0|0||5928||0|0|0|0|0|0|0||||||49|240,8|0|||0|49|240,8|0|||0|4.1.1.01.003|
|C170|46|1428||3|PR|88,56|0|0||5928||0|0|0|0|0|0|0||||||49|88,56|0|||0|49|88,56|0|||0|4.1.1.01.003|
|C170|47|997||10|UN|295,2|0|0||5928||0|0|0|0|0|0|0||||||49|295,2|0|||0|49|295,2|0|||0|4.1.1.01.003|
|C170|48|998||14|UN|399,56|0|0||5928||0|0|0|0|0|0|0||||||49|399,56|0|||0|49|399,56|0|||0|4.1.1.01.003|
|C100|1|0|22073381000171|55|00|1|2641|31251153614153000195550010000026411000052933|07112025|07112025|130|1|0|0|130|9|0|0|0|130|15,6|0|0|0|1,89|8,69|0|0|
|C170|1|5943||2|UN|60|0|0||5102||60|12|7,2|0|0|0|0|||60|||01|52,8|1,65|||0,87|01|52,8|7,6|||4,01|4.1.1.01.003|
|C170|2|8647||2|UN|70|0|0||5102||70|12|8,4|0|0|0|0|||70|||01|61,6|1,65|||1,02|01|61,6|7,6|||4,68|4.1.1.01.003|
|C100|1|0|63374710000100|55|00|1|2642|31251153614153000195550010000026421000052949|07112025|07112025|6032,29|1|0|0|6032,29|9|0|0|0|0|0|0|0|0|78,62|362,22|0|0|
|C170|1|999||8|UN|236,16|0|0||5928||0|0|0|0|0|0|0||||||49|236,16|0|||0|49|236,16|0|||0|4.1.1.01.003|
|C170|2|1000||17|PR|485,18|0|0||5928||0|0|0|0|0|0|0||||||49|485,18|0|||0|49|485,18|0|||0|4.1.1.01.003|
|C170|3|1001||8|PR|228,32|0|0||5928||0|0|0|0|0|0|0||||||49|228,32|0|||0|49|228,32|0|||0|4.1.1.01.003|
|C170|4|1004||7|PR|201,46|0|0||5928||0|0|0|0|0|0|0||||||49|201,46|0|||0|49|201,46|0|||0|4.1.1.01.003|
|C170|5|1007||4|PR|115,12|0|0||5928||0|0|0|0|0|0|0||||||49|115,12|0|||0|49|115,12|0|||0|4.1.1.01.003|
|C170|6|4720||1|UN|54,2|0|0||5928||0|0|0|0|0|0|0||||||01|54,2|1,65|||0,89|01|54,2|7,6|||4,12|4.1.1.01.003|
|C170|7|10680||1|UN|54,2|0|0||5928||0|0|0|0|0|0|0||||||01|54,2|1,65|||0,89|01|54,2|7,6|||4,12|4.1.1.01.003|
|C170|8|9849||7|UN|231|0|0||5928||0|0|0|0|0|0|0||||||01|231|1,65|||3,81|01|231|7,6|||17,56|4.1.1.01.003|
|C170|9|9860||7|UN|231|0|0||5928||0|0|0|0|0|0|0||||||01|231|1,65|||3,81|01|231|7,6|||17,56|4.1.1.01.003|
|C170|10|9859||5|UN|165|0|0||5928||0|0|0|0|0|0|0||||||01|165|1,65|||2,72|01|165|7,6|||12,54|4.1.1.01.003|
|C170|11|9858||1|UN|33|0|0||5928||0|0|0|0|0|0|0||||||01|33|1,65|||0,54|01|33|7,6|||2,51|4.1.1.01.003|
|C170|12|9856||12|UN|376,2|0|0||5928||0|0|0|0|0|0|0||||||01|376,2|1,65|||6,21|01|376,2|7,6|||28,59|4.1.1.01.003|
|C170|13|9855||8|UN|250,8|0|0||5928||0|0|0|0|0|0|0||||||01|250,8|1,65|||4,14|01|250,8|7,6|||19,06|4.1.1.01.003|
|C170|14|9854||6|UN|188,1|0|0||5928||0|0|0|0|0|0|0||||||01|188,1|1,65|||3,1|01|188,1|7,6|||14,3|4.1.1.01.003|
|C170|15|6438||5|UN|156,35|0|0||5928||0|0|0|0|0|0|0||||||01|156,35|1,65|||2,58|01|156,35|7,6|||11,88|4.1.1.01.003|
|C170|16|9853||2|UN|62,7|0|0||5928||0|0|0|0|0|0|0||||||01|62,7|1,65|||1,03|01|62,7|7,6|||4,77|4.1.1.01.003|
|C170|17|9852||9|UN|297|0|0||5928||0|0|0|0|0|0|0||||||01|297|1,65|||4,9|01|297|7,6|||22,57|4.1.1.01.003|
|C170|18|9851||2|UN|61,48|0|0||5928||0|0|0|0|0|0|0||||||01|61,48|1,65|||1,01|01|61,48|7,6|||4,67|4.1.1.01.003|
|C170|19|9857||11|UN|344,85|0|0||5928||0|0|0|0|0|0|0||||||01|344,85|1,65|||5,69|01|344,85|7,6|||26,21|4.1.1.01.003|
|C170|20|10597||3|UN|83,7|0|0||5928||0|0|0|0|0|0|0||||||01|83,7|1,65|||1,38|01|83,7|7,6|||6,36|4.1.1.01.003|
|C170|21|10598||1|UN|27,9|0|0||5928||0|0|0|0|0|0|0||||||01|27,9|1,65|||0,46|01|27,9|7,6|||2,12|4.1.1.01.003|
|C170|22|10599||2|UN|55,8|0|0||5928||0|0|0|0|0|0|0||||||01|55,8|1,65|||0,92|01|55,8|7,6|||4,24|4.1.1.01.003|
|C170|23|10600||3|UN|83,7|0|0||5928||0|0|0|0|0|0|0||||||01|83,7|1,65|||1,38|01|83,7|7,6|||6,36|4.1.1.01.003|
|C170|24|10601||5|UN|137,4|0|0||5928||0|0|0|0|0|0|0||||||01|137,4|1,65|||2,27|01|137,4|7,6|||10,44|4.1.1.01.003|
|C170|25|10602||10|UN|267,9|0|0||5928||0|0|0|0|0|0|0||||||01|267,9|1,65|||4,42|01|267,9|7,6|||20,36|4.1.1.01.003|
|C170|26|10603||3|UN|80,37|0|0||5928||0|0|0|0|0|0|0||||||01|80,37|1,65|||1,33|01|80,37|7,6|||6,11|4.1.1.01.003|
|C170|27|10604||7|UN|192,36|0|0||5928||0|0|0|0|0|0|0||||||01|192,36|1,65|||3,17|01|192,36|7,6|||14,62|4.1.1.01.003|
|C170|28|10605||1|UN|27,48|0|0||5928||0|0|0|0|0|0|0||||||01|27,48|1,65|||0,45|01|27,48|7,6|||2,09|4.1.1.01.003|
|C170|29|10606||4|UN|107,16|0|0||5928||0|0|0|0|0|0|0||||||01|107,16|1,65|||1,77|01|107,16|7,6|||8,14|4.1.1.01.003|
|C170|30|10607||1|UN|27,48|0|0||5928||0|0|0|0|0|0|0||||||01|27,48|1,65|||0,45|01|27,48|7,6|||2,09|4.1.1.01.003|
|C170|31|10608||4|UN|109,92|0|0||5928||0|0|0|0|0|0|0||||||01|109,92|1,65|||1,81|01|109,92|7,6|||8,35|4.1.1.01.003|
|C170|32|10609||2|UN|55,8|0|0||5928||0|0|0|0|0|0|0||||||01|55,8|1,65|||0,92|01|55,8|7,6|||4,24|4.1.1.01.003|
|C170|33|11414||1|UN|47,58|0|0||5928||0|0|0|0|0|0|0||||||01|47,58|1,65|||0,79|01|47,58|7,6|||3,62|4.1.1.01.003|
|C170|34|11408||1|UN|42,39|0|0||5928||0|0|0|0|0|0|0||||||01|42,39|1,65|||0,7|01|42,39|7,6|||3,22|4.1.1.01.003|
|C170|35|11410||1|UN|42,39|0|0||5928||0|0|0|0|0|0|0||||||01|42,39|1,65|||0,7|01|42,39|7,6|||3,22|4.1.1.01.003|
|C170|36|11412||1|UN|42,39|0|0||5928||0|0|0|0|0|0|0||||||01|42,39|1,65|||0,7|01|42,39|7,6|||3,22|4.1.1.01.003|
|C170|37|11411||1|UN|42,39|0|0||5928||0|0|0|0|0|0|0||||||01|42,39|1,65|||0,7|01|42,39|7,6|||3,22|4.1.1.01.003|
|C170|38|8706||1|PAR|95|0|0||5928||0|0|0|0|0|0|0||||||01|95|1,65|||1,57|01|95|7,6|||7,22|4.1.1.01.003|
|C170|39|8707||1|PAR|79,9|0|0||5928||0|0|0|0|0|0|0||||||01|79,9|1,65|||1,32|01|79,9|7,6|||6,07|4.1.1.01.003|
|C170|40|8708||1|PAR|95|0|0||5928||0|0|0|0|0|0|0||||||01|95|1,65|||1,57|01|95|7,6|||7,22|4.1.1.01.003|
|C170|41|9871||2|UN|66,18|0|0||5928||0|0|0|0|0|0|0||||||01|66,18|1,65|||1,09|01|66,18|7,6|||5,03|4.1.1.01.003|
|C170|42|8991||3|PAR|96,27|0|0||5928||0|0|0|0|0|0|0||||||01|96,27|1,65|||1,59|01|96,27|7,6|||7,32|4.1.1.01.003|
|C170|43|8816||1|PR|32,5|0|0||5928||0|0|0|0|0|0|0||||||01|32,5|1,65|||0,54|01|32,5|7,6|||2,47|4.1.1.01.003|
|C170|44|8760||1|PR|33,09|0|0||5928||0|0|0|0|0|0|0||||||01|33,09|1,65|||0,55|01|33,09|7,6|||2,51|4.1.1.01.003|
|C170|45|8761||1|PR|33,09|0|0||5928||0|0|0|0|0|0|0||||||01|33,09|1,65|||0,55|01|33,09|7,6|||2,51|4.1.1.01.003|
|C170|46|8762||1|PR|35,3|0|0||5928||0|0|0|0|0|0|0||||||01|35,3|1,65|||0,58|01|35,3|7,6|||2,68|4.1.1.01.003|
|C170|47|10047||1|UN|29,29|0|0||5928||0|0|0|0|0|0|0||||||01|29,29|1,65|||0,48|01|29,29|7,6|||2,23|4.1.1.01.003|
|C170|48|10048||3|UN|87,87|0|0||5928||0|0|0|0|0|0|0||||||01|87,87|1,65|||1,45|01|87,87|7,6|||6,68|4.1.1.01.003|
|C170|49|10050||3|UN|102,57|0|0||5928||0|0|0|0|0|0|0||||||01|102,57|1,65|||1,69|01|102,57|7,6|||7,8|4.1.1.01.003|
|C100|1|0|63374710000100|55|00|1|2643|31251153614153000195550010000026431000052954|07112025|07112025|15291,64|1|0|0|15291,64|9|0|0|0|0|0|0|0|0|252,31|1162,18|0|0|
|C170|1|10054||1|UN|34,19|0|0||5928||0|0|0|0|0|0|0||||||01|34,19|1,65|||0,56|01|34,19|7,6|||2,6|4.1.1.01.003|
|C170|2|10053||2|UN|68,38|0|0||5928||0|0|0|0|0|0|0||||||01|68,38|1,65|||1,13|01|68,38|7,6|||5,2|4.1.1.01.003|
|C170|3|10052||1|UN|32,4|0|0||5928||0|0|0|0|0|0|0||||||01|32,4|1,65|||0,53|01|32,4|7,6|||2,46|4.1.1.01.003|
|C170|4|10799||8|UN|526,24|0|0||5928||0|0|0|0|0|0|0||||||01|526,24|1,65|||8,68|01|526,24|7,6|||39,99|4.1.1.01.003|
|C170|5|5754||6|PR|307,74|0|0||5928||0|0|0|0|0|0|0||||||01|307,74|1,65|||5,08|01|307,74|7,6|||23,39|4.1.1.01.003|
|C170|6|6282||10|PAR|490,2|0|0||5928||0|0|0|0|0|0|0||||||01|490,2|1,65|||8,09|01|490,2|7,6|||37,26|4.1.1.01.003|
|C170|7|6283||11|PAR|546,26|0|0||5928||0|0|0|0|0|0|0||||||01|546,26|1,65|||9,01|01|546,26|7,6|||41,52|4.1.1.01.003|
|C170|8|5748||6|PAR|316,98|0|0||5928||0|0|0|0|0|0|0||||||01|316,98|1,65|||5,23|01|316,98|7,6|||24,09|4.1.1.01.003|
|C170|9|5749||7|PAR|329|0|0||5928||0|0|0|0|0|0|0||||||01|329|1,65|||5,43|01|329|7,6|||25|4.1.1.01.003|
|C170|10|5750||4|PR|188|0|0||5928||0|0|0|0|0|0|0||||||01|188|1,65|||3,1|01|188|7,6|||14,29|4.1.1.01.003|
|C170|11|5751||4|PR|188|0|0||5928||0|0|0|0|0|0|0||||||01|188|1,65|||3,1|01|188|7,6|||14,29|4.1.1.01.003|
|C170|12|5752||1|PR|47|0|0||5928||0|0|0|0|0|0|0||||||01|47|1,65|||0,78|01|47|7,6|||3,57|4.1.1.01.003|
|C170|13|5753||5|PR|235|0|0||5928||0|0|0|0|0|0|0||||||01|235|1,65|||3,88|01|235|7,6|||17,86|4.1.1.01.003|
|C170|14|6281||5|PAR|235|0|0||5928||0|0|0|0|0|0|0||||||01|235|1,65|||3,88|01|235|7,6|||17,86|4.1.1.01.003|
|C170|15|5755||1|PR|47|0|0||5928||0|0|0|0|0|0|0||||||01|47|1,65|||0,78|01|47|7,6|||3,57|4.1.1.01.003|
|C170|16|9066||4|PAR|399,56|0|0||5928||0|0|0|0|0|0|0||||||01|399,56|1,65|||6,59|01|399,56|7,6|||30,37|4.1.1.01.003|
|C170|17|8548||8|PAR|795,6|0|0||5928||0|0|0|0|0|0|0||||||01|795,6|1,65|||13,13|01|795,6|7,6|||60,47|4.1.1.01.003|
|C170|18|8549||3|PAR|298,35|0|0||5928||0|0|0|0|0|0|0||||||01|298,35|1,65|||4,92|01|298,35|7,6|||22,67|4.1.1.01.003|
|C170|19|8550||3|PAR|298,77|0|0||5928||0|0|0|0|0|0|0||||||01|298,77|1,65|||4,93|01|298,77|7,6|||22,71|4.1.1.01.003|
|C170|20|8088||5|PAR|428,1|0|0||5928||0|0|0|0|0|0|0||||||01|428,1|1,65|||7,06|01|428,1|7,6|||32,54|4.1.1.01.003|
|C170|21|8089||13|PAR|1292,85|0|0||5928||0|0|0|0|0|0|0||||||01|1292,85|1,65|||21,33|01|1292,85|7,6|||98,26|4.1.1.01.003|
|C170|22|5757||1|PR|62,9|0|0||5928||0|0|0|0|0|0|0||||||01|62,9|1,65|||1,04|01|62,9|7,6|||4,78|4.1.1.01.003|
|C170|23|8141||4|PAR|572|0|0||5928||0|0|0|0|0|0|0||||||01|572|1,65|||9,44|01|572|7,6|||43,47|4.1.1.01.003|
|C170|24|7525||14|PAR|1392,3|0|0||5928||0|0|0|0|0|0|0||||||01|1392,3|1,65|||22,97|01|1392,3|7,6|||105,81|4.1.1.01.003|
|C170|25|8269||1|PAR|92,47|0|0||5928||0|0|0|0|0|0|0||||||01|92,47|1,65|||1,53|01|92,47|7,6|||7,03|4.1.1.01.003|
|C170|26|9067||2|PAR|199,18|0|0||5928||0|0|0|0|0|0|0||||||01|199,18|1,65|||3,29|01|199,18|7,6|||15,14|4.1.1.01.003|
|C170|27|9654||2|PAR|199,18|0|0||5928||0|0|0|0|0|0|0||||||01|199,18|1,65|||3,29|01|199,18|7,6|||15,14|4.1.1.01.003|
|C170|28|9654||1|PAR|119,5|0|0||5928||0|0|0|0|0|0|0||||||01|119,5|1,65|||1,97|01|119,5|7,6|||9,08|4.1.1.01.003|
|C170|29|9169||1|PAR|119,5|0|0||5928||0|0|0|0|0|0|0||||||01|119,5|1,65|||1,97|01|119,5|7,6|||9,08|4.1.1.01.003|
|C170|30|9194||6|PAR|627,36|0|0||5928||0|0|0|0|0|0|0||||||01|627,36|1,65|||10,35|01|627,36|7,6|||47,68|4.1.1.01.003|
|C170|31|9254||10|PAR|1078,1|0|0||5928||0|0|0|0|0|0|0||||||01|1078,1|1,65|||17,79|01|1078,1|7,6|||81,94|4.1.1.01.003|
|C170|32|9252||5|PAR|539,05|0|0||5928||0|0|0|0|0|0|0||||||01|539,05|1,65|||8,89|01|539,05|7,6|||40,97|4.1.1.01.003|
|C170|33|9040||5|PAR|642|0|0||5928||0|0|0|0|0|0|0||||||01|642|1,65|||10,59|01|642|7,6|||48,79|4.1.1.01.003|
|C170|34|10514||1|UN|90,16|0|0||5928||0|0|0|0|0|0|0||||||01|90,16|1,65|||1,49|01|90,16|7,6|||6,85|4.1.1.01.003|
|C170|35|10515||1|UN|93,48|0|0||5928||0|0|0|0|0|0|0||||||01|93,48|1,65|||1,54|01|93,48|7,6|||7,1|4.1.1.01.003|
|C170|36|10516||1|UN|103|0|0||5928||0|0|0|0|0|0|0||||||01|103|1,65|||1,7|01|103|7,6|||7,83|4.1.1.01.003|
|C170|37|11031||1|UN|93,48|0|0||5928||0|0|0|0|0|0|0||||||01|93,48|1,65|||1,54|01|93,48|7,6|||7,1|4.1.1.01.003|
|C170|38|10517||1|UN|103|0|0||5928||0|0|0|0|0|0|0||||||01|103|1,65|||1,7|01|103|7,6|||7,83|4.1.1.01.003|
|C170|39|10517||1|UN|103|0|0||5928||0|0|0|0|0|0|0||||||01|103|1,65|||1,7|01|103|7,6|||7,83|4.1.1.01.003|
|C170|40|11032||1|UN|103|0|0||5928||0|0|0|0|0|0|0||||||01|103|1,65|||1,7|01|103|7,6|||7,83|4.1.1.01.003|
|C170|41|11030||1|UN|93,48|0|0||5928||0|0|0|0|0|0|0||||||01|93,48|1,65|||1,54|01|93,48|7,6|||7,1|4.1.1.01.003|
|C170|42|11032||1|UN|93,48|0|0||5928||0|0|0|0|0|0|0||||||01|93,48|1,65|||1,54|01|93,48|7,6|||7,1|4.1.1.01.003|
|C170|43|7134||2|PAR|393,12|0|0||5928||0|0|0|0|0|0|0||||||01|393,12|1,65|||6,49|01|393,12|7,6|||29,88|4.1.1.01.003|
|C170|44|7137||1|PAR|196,56|0|0||5928||0|0|0|0|0|0|0||||||01|196,56|1,65|||3,24|01|196,56|7,6|||14,94|4.1.1.01.003|
|C170|45|7140||2|PAR|393,12|0|0||5928||0|0|0|0|0|0|0||||||01|393,12|1,65|||6,49|01|393,12|7,6|||29,88|4.1.1.01.003|
|C170|46|7138||1|UN|196,56|0|0||5928||0|0|0|0|0|0|0||||||01|196,56|1,65|||3,24|01|196,56|7,6|||14,94|4.1.1.01.003|
|C170|47|7136||2|PAR|393,12|0|0||5928||0|0|0|0|0|0|0||||||01|393,12|1,65|||6,49|01|393,12|7,6|||29,88|4.1.1.01.003|
|C170|48|7182||2|UN|21,04|0|0||5928||0|0|0|0|0|0|0||||||01|21,04|1,65|||0,35|01|21,04|7,6|||1,6|4.1.1.01.003|
|C170|49|11012||2|UN|26,9|0|0||5928||0|0|0|0|0|0|0||||||01|26,9|1,65|||0,44|01|26,9|7,6|||2,04|4.1.1.01.003|
|C170|50|11307||2|UN|24,62|0|0||5928||0|0|0|0|0|0|0||||||01|24,62|1,65|||0,41|01|24,62|7,6|||1,87|4.1.1.01.003|
|C170|51|11307||2|UN|22,36|0|0||5928||0|0|0|0|0|0|0||||||01|22,36|1,65|||0,37|01|22,36|7,6|||1,7|4.1.1.01.003|
|C100|1|0|63374710000100|55|00|1|2644|31251153614153000195550010000026441000052960|07112025|07112025|9979,99|0|0|0|9979,99|9|0|0|0|0|0|0|0|0|120,23|553,93|0|0|
|C170|1|3984||5|UN|187,5|0|0||5928||0|0|0|0|0|0|0||||||01|187,5|1,65|||3,09|01|187,5|7,6|||14,25|4.1.1.01.003|
|C170|2|3544||1|UN|39,25|0|0||5928||0|0|0|0|0|0|0||||||49|39,25|0|||0|49|39,25|0|||0|4.1.1.01.003|
|C170|3|9406||10|UN|403,6|0|0||5928||0|0|0|0|0|0|0||||||01|403,6|1,65|||6,66|01|403,6|7,6|||30,67|4.1.1.01.003|
|C170|4|3985||8|UN|274,96|0|0||5928||0|0|0|0|0|0|0||||||01|274,96|1,65|||4,54|01|274,96|7,6|||20,9|4.1.1.01.003|
|C170|5|9730||3|UN|32,4|0|0||5928||0|0|0|0|0|0|0||||||01|32,4|1,65|||0,53|01|32,4|7,6|||2,46|4.1.1.01.003|
|C170|6|11104||2|UN|36,56|0|0||5928||0|0|0|0|0|0|0||||||01|36,56|1,65|||0,6|01|36,56|7,6|||2,78|4.1.1.01.003|
|C170|7|6507||9|UN|112,95|0|0||5928||0|0|0|0|0|0|0||||||01|112,95|1,65|||1,86|01|112,95|7,6|||8,58|4.1.1.01.003|
|C170|8|566||3|UN|157,71|0|0||5928||0|0|0|0|0|0|0||||||49|157,71|0|||0|49|157,71|0|||0|4.1.1.01.003|
|C170|9|567||1|UN|52,57|0|0||5928||0|0|0|0|0|0|0||||||49|52,57|0|||0|49|52,57|0|||0|4.1.1.01.003|
|C170|10|565||9|UN|473,13|0|0||5928||0|0|0|0|0|0|0||||||49|473,13|0|||0|49|473,13|0|||0|4.1.1.01.003|
|C170|11|725||6|UN|323,7|0|0||5928||0|0|0|0|0|0|0||||||49|323,7|0|||0|49|323,7|0|||0|4.1.1.01.003|
|C170|12|10099||2|UN|118,28|0|0||5928||0|0|0|0|0|0|0||||||01|118,28|1,65|||1,95|01|118,28|7,6|||8,99|4.1.1.01.003|
|C170|13|10093||2|UN|104,46|0|0||5928||0|0|0|0|0|0|0||||||01|104,46|1,65|||1,72|01|104,46|7,6|||7,94|4.1.1.01.003|
|C170|14|10091||7|UN|367,99|0|0||5928||0|0|0|0|0|0|0||||||01|367,99|1,65|||6,07|01|367,99|7,6|||27,97|4.1.1.01.003|
|C170|15|10092||2|UN|105,58|0|0||5928||0|0|0|0|0|0|0||||||01|105,58|1,65|||1,74|01|105,58|7,6|||8,02|4.1.1.01.003|
|C170|16|10090||8|UN|420,56|0|0||5928||0|0|0|0|0|0|0||||||01|420,56|1,65|||6,94|01|420,56|7,6|||31,96|4.1.1.01.003|
|C170|17|10089||3|UN|147,66|0|0||5928||0|0|0|0|0|0|0||||||01|147,66|1,65|||2,44|01|147,66|7,6|||11,22|4.1.1.01.003|
|C170|18|10384||2|UN|103,62|0|0||5928||0|0|0|0|0|0|0||||||01|103,62|1,65|||1,71|01|103,62|7,6|||7,88|4.1.1.01.003|
|C170|19|11299||1|UN|278,44|0|0||5928||0|0|0|0|0|0|0||||||01|278,44|1,65|||4,59|01|278,44|7,6|||21,16|4.1.1.01.003|
|C170|20|8321||1|UN|126,43|0|0||5928||0|0|0|0|0|0|0||||||01|126,43|1,65|||2,09|01|126,43|7,6|||9,61|4.1.1.01.003|
|C170|21|8320||2|UN|252,86|0|0||5928||0|0|0|0|0|0|0||||||01|252,86|1,65|||4,17|01|252,86|7,6|||19,22|4.1.1.01.003|
|C170|22|3396||1|UN|60,18|0|0||5928||0|0|0|0|0|0|0||||||49|60,18|0|||0|49|60,18|0|||0|4.1.1.01.003|
|C170|23|8944||1|UN|89,4|0|0||5928||0|0|0|0|0|0|0||||||49|89,4|0|||0|49|89,4|0|||0|4.1.1.01.003|
|C170|24|3127||2|UN|125,52|0|0||5928||0|0|0|0|0|0|0||||||49|125,52|0|||0|49|125,52|0|||0|4.1.1.01.003|
|C170|25|7152||1|UN|56|0|0||5928||0|0|0|0|0|0|0||||||49|56|0|||0|49|56|0|||0|4.1.1.01.003|
|C170|26|961||14|UN|774,06|0|0||5928||0|0|0|0|0|0|0||||||49|774,06|0|||0|49|774,06|0|||0|4.1.1.01.003|
|C170|27|8802||2|UN|291,1|0|0||5928||0|0|0|0|0|0|0||||||01|291,1|1,65|||4,8|01|291,1|7,6|||22,12|4.1.1.01.003|
|C170|28|8805||3|UN|354,87|0|0||5928||0|0|0|0|0|0|0||||||01|354,87|1,65|||5,86|01|354,87|7,6|||26,97|4.1.1.01.003|
|C170|29|8806||1|UN|118,29|0|0||5928||0|0|0|0|0|0|0||||||01|118,29|1,65|||1,95|01|118,29|7,6|||8,99|4.1.1.01.003|
|C170|30|8368||1|UN|112,22|0|0||5928||0|0|0|0|0|0|0||||||01|112,22|1,65|||1,85|01|112,22|7,6|||8,53|4.1.1.01.003|
|C170|31|8901||1|UN|128,31|0|0||5928||0|0|0|0|0|0|0||||||01|128,31|1,65|||2,12|01|128,31|7,6|||9,75|4.1.1.01.003|
|C170|32|7362||3|UN|58,95|0|0||5928||0|0|0|0|0|0|0||||||01|58,95|1,65|||0,97|01|58,95|7,6|||4,48|4.1.1.01.003|
|C170|33|6974||5|UN|123,2|0|0||5928||0|0|0|0|0|0|0||||||01|123,2|1,65|||2,03|01|123,2|7,6|||9,36|4.1.1.01.003|
|C170|34|571||1|UN|52,23|0|0||5928||0|0|0|0|0|0|0||||||49|52,23|0|||0|49|52,23|0|||0|4.1.1.01.003|
|C170|35|654||2|UN|104,46|0|0||5928||0|0|0|0|0|0|0||||||49|104,46|0|||0|49|104,46|0|||0|4.1.1.01.003|
|C170|36|656||4|UN|208,92|0|0||5928||0|0|0|0|0|0|0||||||49|208,92|0|||0|49|208,92|0|||0|4.1.1.01.003|
|C170|37|10098||6|UN|315,42|0|0||5928||0|0|0|0|0|0|0||||||01|315,42|1,65|||5,2|01|315,42|7,6|||23,97|4.1.1.01.003|
|C170|38|10096||5|UN|262,85|0|0||5928||0|0|0|0|0|0|0||||||01|262,85|1,65|||4,34|01|262,85|7,6|||19,98|4.1.1.01.003|
|C170|39|10097||5|UN|262,85|0|0||5928||0|0|0|0|0|0|0||||||01|262,85|1,65|||4,34|01|262,85|7,6|||19,98|4.1.1.01.003|
|C170|40|10095||6|UN|315,42|0|0||5928||0|0|0|0|0|0|0||||||01|315,42|1,65|||5,2|01|315,42|7,6|||23,97|4.1.1.01.003|
|C170|41|10094||2|UN|95,4|0|0||5928||0|0|0|0|0|0|0||||||01|95,4|1,65|||1,57|01|95,4|7,6|||7,25|4.1.1.01.003|
|C170|42|10162||1|UN|52,57|0|0||5928||0|0|0|0|0|0|0||||||01|52,57|1,65|||0,87|01|52,57|7,6|||4|4.1.1.01.003|
|C170|43|10489||4|UN|193,56|0|0||5928||0|0|0|0|0|0|0||||||01|193,56|1,65|||3,19|01|193,56|7,6|||14,71|4.1.1.01.003|
|C170|44|10103||8|UN|420,56|0|0||5928||0|0|0|0|0|0|0||||||01|420,56|1,65|||6,94|01|420,56|7,6|||31,96|4.1.1.01.003|
|C170|45|10104||10|UN|525,7|0|0||5928||0|0|0|0|0|0|0||||||01|525,7|1,65|||8,67|01|525,7|7,6|||39,95|4.1.1.01.003|
|C170|46|10161||10|UN|525,7|0|0||5928||0|12|0|0|12|0|0||||||01|525,7|1,65|||8,67|01|525,7|7,6|||39,95|4.1.1.01.003|
|C170|47|10420||1|UN|57,94|0|0||5928||0|0|0|0|0|0|0||||||01|57,94|1,65|||0,96|01|57,94|7,6|||4,4|4.1.1.01.003|
|C170|48|2916||2|UN|57,14|0|0||5928||0|0|0|0|0|0|0||||||49|57,14|0|||0|49|57,14|0|||0|4.1.1.01.003|
|C170|49|8366||4|UN|116,96|0|0||5928||0|0|0|0|0|0|0||||||49|116,96|0|||0|49|116,96|0|||0|4.1.1.01.003|
|C100|1|0|47786402000127|55|00|1|2645|31251153614153000195550010000026451000052975|07112025|07112025|344|0|0|0|344|9|0|0|0|344|41,28|0|0|0|3,78|17,38|0|0|
|C170|1|5882||2|UN|130|0|0||5102||130|12|15,6|0|0|0|0|||130|||01|114,4|1,65|||1,89|01|114,4|7,6|||8,69|4.1.1.01.003|
|C170|2|7155||2|UN|130|0|0||5102||130|12|15,6|0|0|0|0|||130|||01|114,4|1,65|||1,89|01|114,4|7,6|||8,69|4.1.1.01.003|
|C170|3|194||14|MT|84|0|0||5102||84|12|10,08|0|0|0|0|||84|||49|73,92|0|||0|49|73,92|0|||0|4.1.1.01.003|
|C100|1|0|63374710000100|55|00|1|2646|31251153614153000195550010000026461000052980|07112025|07112025|6969,4|0|0|0|6969,4|9|0|0|0|0|0|0|0|0|93,3|429,79|0|0|
|C170|1|8808||3|UN|412,11|0|0||5928||0|0|0|0|0|0|0||||||01|412,11|1,65|||6,8|01|412,11|7,6|||31,32|4.1.1.01.003|
|C170|2|8809||2|UN|238,4|0|0||5928||0|0|0|0|0|0|0||||||01|238,4|1,65|||3,93|01|238,4|7,6|||18,12|4.1.1.01.003|
|C170|3|8810||1|UN|137,37|0|0||5928||0|0|0|0|0|0|0||||||01|137,37|1,65|||2,27|01|137,37|7,6|||10,44|4.1.1.01.003|
|C170|4|8811||1|UN|137,37|0|0||5928||0|0|0|0|0|0|0||||||01|137,37|1,65|||2,27|01|137,37|7,6|||10,44|4.1.1.01.003|
|C170|5|8807||1|UN|141,97|0|0||5928||0|0|0|0|0|0|0||||||01|141,97|1,65|||2,34|01|141,97|7,6|||10,79|4.1.1.01.003|
|C170|6|10569||1|UN|25,65|0|0||5928||0|0|0|0|0|0|0||||||01|25,65|1,65|||0,42|01|25,65|7,6|||1,95|4.1.1.01.003|
|C170|7|10590||1|UN|32,83|0|0||5928||0|0|0|0|0|0|0||||||01|32,83|1,65|||0,54|01|32,83|7,6|||2,5|4.1.1.01.003|
|C170|8|9924||1|UN|13,92|0|0||5928||0|0|0|0|0|0|0||||||01|13,92|1,65|||0,23|01|13,92|7,6|||1,06|4.1.1.01.003|
|C170|9|9742||2|UN|28,32|0|0||5928||0|0|0|0|0|0|0||||||01|28,32|1,65|||0,47|01|28,32|7,6|||2,15|4.1.1.01.003|
|C170|10|9925||8|UN|143,84|0|0||5928||0|0|0|0|0|0|0||||||01|143,84|1,65|||2,37|01|143,84|7,6|||10,93|4.1.1.01.003|
|C170|11|10924||25|UN|413|0|0||5928||0|0|0|0|0|0|0||||||01|413|1,65|||6,81|01|413|7,6|||31,39|4.1.1.01.003|
|C170|12|7581||21|UN|284,55|0|0||5928||0|0|0|0|0|0|0||||||01|284,55|1,65|||4,7|01|284,55|7,6|||21,63|4.1.1.01.003|
|C170|13|5943||9|UN|119,25|0|0||5928||0|0|0|0|0|0|0||||||01|119,25|1,65|||1,97|01|119,25|7,6|||9,06|4.1.1.01.003|
|C170|14|7234||50|UN|631|0|0||5928||0|0|0|0|0|0|0||||||01|631|1,65|||10,41|01|631|7,6|||47,96|4.1.1.01.003|
|C170|15|7840||2|UN|31,08|0|0||5928||0|0|0|0|0|0|0||||||01|31,08|1,65|||0,51|01|31,08|7,6|||2,36|4.1.1.01.003|
|C170|16|7343||17|UN|243,1|0|0||5928||0|0|0|0|0|0|0||||||01|243,1|1,65|||4,01|01|243,1|7,6|||18,48|4.1.1.01.003|
|C170|17|10817||6|UN|196,98|0|0||5928||0|0|0|0|0|0|0||||||01|196,98|1,65|||3,25|01|196,98|7,6|||14,97|4.1.1.01.003|
|C170|18|45||24|UN|231,12|0|0||5928||0|0|0|0|0|0|0||||||49|231,12|0|||0|49|231,12|0|||0|4.1.1.01.003|
|C170|19|34||24|UN|231,12|0|0||5928||0|0|0|0|0|0|0||||||49|231,12|0|||0|49|231,12|0|||0|4.1.1.01.003|
|C170|20|34||1|UN|8,74|0|0||5928||0|0|0|0|0|0|0||||||49|8,74|0|||0|49|8,74|0|||0|4.1.1.01.003|
|C170|21|4041||1|UN|47,9|0|0||5928||0|0|0|0|0|0|0||||||01|47,9|1,65|||0,79|01|47,9|7,6|||3,64|4.1.1.01.003|
|C170|22|8292||2|UN|168,74|0|0||5928||0|0|0|0|0|0|0||||||01|168,74|1,65|||2,78|01|168,74|7,6|||12,82|4.1.1.01.003|
|C170|23|1692||11|UN|108,57|0|0||5928||0|0|0|0|0|0|0||||||49|108,57|0|||0|49|108,57|0|||0|4.1.1.01.003|
|C170|24|1687||16|UN|161,44|0|0||5928||0|0|0|0|0|0|0||||||49|161,44|0|||0|49|161,44|0|||0|4.1.1.01.003|
|C170|25|1686||19|UN|191,71|0|0||5928||0|0|0|0|0|0|0||||||49|191,71|0|||0|49|191,71|0|||0|4.1.1.01.003|
|C170|26|9727||8|UN|78,08|0|0||5928||0|0|0|0|0|0|0||||||01|78,08|1,65|||1,29|01|78,08|7,6|||5,93|4.1.1.01.003|
|C170|27|9728||18|UN|164,16|0|0||5928||0|0|0|0|0|0|0||||||01|164,16|1,65|||2,71|01|164,16|7,6|||12,48|4.1.1.01.003|
|C170|28|10310||7|UN|63,42|0|0||5928||0|0|0|0|0|0|0||||||49|63,42|0|||0|49|63,42|0|||0|4.1.1.01.003|
|C170|29|1688||9|UN|87,84|0|0||5928||0|0|0|0|0|0|0||||||49|87,84|0|||0|49|87,84|0|||0|4.1.1.01.003|
|C170|30|1690||8|UN|72,96|0|0||5928||0|0|0|0|0|0|0||||||49|72,96|0|||0|49|72,96|0|||0|4.1.1.01.003|
|C170|31|42||1|UN|10,21|0|0||5928||0|0|0|0|0|0|0||||||49|10,21|0|||0|49|10,21|0|||0|4.1.1.01.003|
|C170|32|32||3|UN|28,89|0|0||5928||0|0|0|0|0|0|0||||||49|28,89|0|||0|49|28,89|0|||0|4.1.1.01.003|
|C170|33|33||1|UN|8,81|0|0||5928||0|0|0|0|0|0|0||||||49|8,81|0|||0|49|8,81|0|||0|4.1.1.01.003|
|C170|34|577||7|UN|61,67|0|0||5928||0|0|0|0|0|0|0||||||49|61,67|0|||0|49|61,67|0|||0|4.1.1.01.003|
|C170|35|10207||5|UN|239,5|0|0||5928||0|0|0|0|0|0|0||||||01|239,5|1,65|||3,95|01|239,5|7,6|||18,2|4.1.1.01.003|
|C170|36|8037||2|UN|95,8|0|0||5928||0|0|0|0|0|0|0||||||01|95,8|1,65|||1,58|01|95,8|7,6|||7,28|4.1.1.01.003|
|C170|37|10460||1|UN|47,9|0|0||5928||0|0|0|0|0|0|0||||||01|47,9|1,65|||0,79|01|47,9|7,6|||3,64|4.1.1.01.003|
|C170|38|10461||2|UN|95,8|0|0||5928||0|0|0|0|0|0|0||||||01|95,8|1,65|||1,58|01|95,8|7,6|||7,28|4.1.1.01.003|
|C170|39|5921||5|UN|239,5|0|0||5928||0|0|0|0|0|0|0||||||01|239,5|1,65|||3,95|01|239,5|7,6|||18,2|4.1.1.01.003|
|C170|40|1113||1|UN|47,9|0|0||5928||0|0|0|0|0|0|0||||||49|47,9|0|||0|49|47,9|0|||0|4.1.1.01.003|
|C170|41|5840||3|UN|340,38|0|0||5928||0|0|0|0|0|0|0||||||01|340,38|1,65|||5,62|01|340,38|7,6|||25,87|4.1.1.01.003|
|C170|42|6969||15|UN|344,85|0|0||5928||0|0|0|0|0|0|0||||||01|344,85|1,65|||5,69|01|344,85|7,6|||26,21|4.1.1.01.003|
|C170|43|9139||2|UN|113,16|0|0||5928||0|0|0|0|0|0|0||||||01|113,16|1,65|||1,87|01|113,16|7,6|||8,6|4.1.1.01.003|
|C170|44|9891||1|UN|37,9|0|0||5928||0|0|0|0|0|0|0||||||01|37,9|1,65|||0,63|01|37,9|7,6|||2,88|4.1.1.01.003|
|C170|45|10411||1|UN|29,95|0|0||5928||0|0|0|0|0|0|0||||||01|29,95|1,65|||0,49|01|29,95|7,6|||2,28|4.1.1.01.003|
|C170|46|5838||4|UN|103,72|0|0||5928||0|0|0|0|0|0|0||||||01|103,72|1,65|||1,71|01|103,72|7,6|||7,88|4.1.1.01.003|
|C170|47|10518||1|UN|36,37|0|0||5928||0|0|0|0|0|0|0||||||01|36,37|1,65|||0,6|01|36,37|7,6|||2,76|4.1.1.01.003|
|C170|48|11139||1|UN|62,74|0|0||5928||0|0|0|0|0|0|0||||||01|62,74|1,65|||1,04|01|62,74|7,6|||4,77|4.1.1.01.003|
|C170|49|9755||2|UN|83,76|0|0||5928||0|0|0|0|0|0|0||||||01|83,76|1,65|||1,38|01|83,76|7,6|||6,37|4.1.1.01.003|
|C170|50|6362||5|UN|94,05|0|0||5928||0|0|0|0|0|0|0||||||01|94,05|1,65|||1,55|01|94,05|7,6|||7,15|4.1.1.01.003|
|C100|1|0|63374710000100|55|00|1|2647|31251153614153000195550010000026471000052996|08112025|08112025|11264,29|0|0|0|11264,29|9|0|0|0|0|0|0|0|0|162|746,16|0|0|
|C170|1|10740||1|UN|40,55|0|0||5928||0|0|0|0|0|0|0||||||01|40,55|1,65|||0,67|01|40,55|7,6|||3,08|4.1.1.01.003|
|C170|2|10833||8|UN|396|0|0||5928||0|0|0|0|0|0|0||||||01|396|1,65|||6,53|01|396|7,6|||30,1|4.1.1.01.003|
|C170|3|6343||5|UN|151,65|0|0||5928||0|0|0|0|0|0|0||||||01|151,65|1,65|||2,5|01|151,65|7,6|||11,53|4.1.1.01.003|
|C170|4|10115||2|UN|105|0|0||5928||0|0|0|0|0|0|0||||||01|105|1,65|||1,73|01|105|7,6|||7,98|4.1.1.01.003|
|C170|5|11253||4|UN|115,92|0|0||5928||0|0|0|0|0|0|0||||||01|115,92|1,65|||1,91|01|115,92|7,6|||8,81|4.1.1.01.003|
|C170|6|11254||2|UN|312,66|0|0||5928||0|0|0|0|0|0|0||||||01|312,66|1,65|||5,16|01|312,66|7,6|||23,76|4.1.1.01.003|
|C170|7|8112||3|UN|88,02|0|0||5928||0|0|0|0|0|0|0||||||01|88,02|1,65|||1,45|01|88,02|7,6|||6,69|4.1.1.01.003|
|C170|8|7908||3|UN|86,79|0|0||5928||0|0|0|0|0|0|0||||||01|86,79|1,65|||1,43|01|86,79|7,6|||6,6|4.1.1.01.003|
|C170|9|9980||2|UN|148,54|0|0||5928||0|0|0|0|0|0|0||||||01|148,54|1,65|||2,45|01|148,54|7,6|||11,29|4.1.1.01.003|
|C170|10|10552||6|UN|346,02|0|0||5928||0|0|0|0|0|0|0||||||01|346,02|1,65|||5,71|01|346,02|7,6|||26,3|4.1.1.01.003|
|C170|11|6972||4|UN|172,08|0|0||5928||0|0|0|0|0|0|0||||||01|172,08|1,65|||2,84|01|172,08|7,6|||13,08|4.1.1.01.003|
|C170|12|4818||1|UN|525,25|0|0||5928||0|0|0|0|0|0|0||||||01|525,25|1,65|||8,67|01|525,25|7,6|||39,92|4.1.1.01.003|
|C170|13|6819||3|UN|468,21|0|0||5928||0|0|0|0|0|0|0||||||01|468,21|1,65|||7,73|01|468,21|7,6|||35,58|4.1.1.01.003|
|C170|14|5882||6|UN|247,62|0|0||5928||0|0|0|0|0|0|0||||||01|247,62|1,65|||4,09|01|247,62|7,6|||18,82|4.1.1.01.003|
|C170|15|5883||12|UN|767,04|0|0||5928||0|0|0|0|0|0|0||||||01|767,04|1,65|||12,66|01|767,04|7,6|||58,3|4.1.1.01.003|
|C170|16|9734||2|UN|146,22|0|0||5928||0|0|0|0|0|0|0||||||01|146,22|1,65|||2,41|01|146,22|7,6|||11,11|4.1.1.01.003|
|C170|17|6690||4|UN|212,64|0|0||5928||0|0|0|0|0|0|0||||||01|212,64|1,65|||3,51|01|212,64|7,6|||16,16|4.1.1.01.003|
|C170|18|6251||5|UN|320,8|0|0||5928||0|0|0|0|0|0|0||||||01|320,8|1,65|||5,29|01|320,8|7,6|||24,38|4.1.1.01.003|
|C170|19|6096||5|UN|241,15|0|0||5928||0|0|0|0|0|0|0||||||01|241,15|1,65|||3,98|01|241,15|7,6|||18,33|4.1.1.01.003|
|C170|20|6253||1|UN|52,06|0|0||5928||0|0|0|0|0|0|0||||||01|52,06|1,65|||0,86|01|52,06|7,6|||3,96|4.1.1.01.003|
|C170|21|3457||1|PC|415,73|0|0||5928||0|0|0|0|0|0|0||||||49|415,73|0|||0|49|415,73|0|||0|4.1.1.01.003|
|C170|22|10197||3|UN|37,65|0|0||5928||0|0|0|0|0|0|0||||||01|37,65|1,65|||0,62|01|37,65|7,6|||2,86|4.1.1.01.003|
|C170|23|6200||15|UN|173,4|0|0||5928||0|0|0|0|0|0|0||||||01|173,4|1,65|||2,86|01|173,4|7,6|||13,18|4.1.1.01.003|
|C170|24|10428||2|UN|30,66|0|0||5928||0|0|0|0|0|0|0||||||01|30,66|1,65|||0,51|01|30,66|7,6|||2,33|4.1.1.01.003|
|C170|25|9828||3|UN|45,99|0|0||5928||0|0|0|0|0|0|0||||||01|45,99|1,65|||0,76|01|45,99|7,6|||3,5|4.1.1.01.003|
|C170|26|7846||2|UN|21,94|0|0||5928||0|0|0|0|0|0|0||||||01|21,94|1,65|||0,36|01|21,94|7,6|||1,67|4.1.1.01.003|
|C170|27|9829||2|UN|25,12|0|0||5928||0|0|0|0|0|0|0||||||01|25,12|1,65|||0,41|01|25,12|7,6|||1,91|4.1.1.01.003|
|C170|28|10429||2|UN|30,64|0|0||5928||0|0|0|0|0|0|0||||||01|30,64|1,65|||0,51|01|30,64|7,6|||2,33|4.1.1.01.003|
|C170|29|9827||10|UN|125,6|0|0||5928||0|0|0|0|0|0|0||||||01|125,6|1,65|||2,07|01|125,6|7,6|||9,55|4.1.1.01.003|
|C170|30|9830||6|UN|91,98|0|0||5928||0|0|0|0|0|0|0||||||01|91,98|1,65|||1,52|01|91,98|7,6|||6,99|4.1.1.01.003|
|C170|31|6163||8|UN|1082,96|0|0||5928||0|0|0|0|0|0|0||||||01|1082,96|1,65|||17,87|01|1082,96|7,6|||82,3|4.1.1.01.003|
|C170|32|7580||11|UN|458,92|0|0||5928||0|0|0|0|0|0|0||||||01|458,92|1,65|||7,57|01|458,92|7,6|||34,88|4.1.1.01.003|
|C170|33|9862||4|UN|33,52|0|0||5928||0|0|0|0|0|0|0||||||01|33,52|1,65|||0,55|01|33,52|7,6|||2,55|4.1.1.01.003|
|C170|34|11089||11|UN|90,75|0|0||5928||0|0|0|0|0|0|0||||||01|90,75|1,65|||1,5|01|90,75|7,6|||6,9|4.1.1.01.003|
|C170|35|8956||5|UN|321,55|0|0||5928||0|0|0|0|0|0|0||||||01|321,55|1,65|||5,31|01|321,55|7,6|||24,44|4.1.1.01.003|
|C170|36|3931||2|UN|114,36|0|0||5928||0|0|0|0|0|0|0||||||01|114,36|1,65|||1,89|01|114,36|7,6|||8,69|4.1.1.01.003|
|C170|37|5066||6|UN|133,98|0|0||5928||0|0|0|0|0|0|0||||||01|133,98|1,65|||2,21|01|133,98|7,6|||10,18|4.1.1.01.003|
|C170|38|6284||15|UN|483,3|0|0||5928||0|0|0|0|0|0|0||||||01|483,3|1,65|||7,97|01|483,3|7,6|||36,73|4.1.1.01.003|
|C170|39|1051||10|UN|92,9|0|0||5928||0|0|0|0|0|0|0||||||49|92,9|0|||0|49|92,9|0|||0|4.1.1.01.003|
|C170|40|5834||6|UN|193,14|0|0||5928||0|0|0|0|0|0|0||||||01|193,14|1,65|||3,19|01|193,14|7,6|||14,68|4.1.1.01.003|
|C170|41|5670||18|UN|247,68|0|0||5928||0|0|0|0|0|0|0||||||01|247,68|1,65|||4,09|01|247,68|7,6|||18,82|4.1.1.01.003|
|C170|42|729||20|UN|225,6|0|0||5928||0|0|0|0|0|0|0||||||49|225,6|0|||0|49|225,6|0|||0|4.1.1.01.003|
|C170|43|11093||19|UN|130,72|0|0||5928||0|0|0|0|0|0|0||||||01|130,72|1,65|||2,16|01|130,72|7,6|||9,93|4.1.1.01.003|
|C170|44|10622||6|UN|361,62|0|0||5928||0|0|0|0|0|0|0||||||01|361,62|1,65|||5,97|01|361,62|7,6|||27,48|4.1.1.01.003|
|C170|45|10621||6|UN|374,16|0|0||5928||0|0|0|0|0|0|0||||||01|374,16|1,65|||6,17|01|374,16|7,6|||28,44|4.1.1.01.003|
|C170|46|185||6|UN|374,16|0|0||5928||0|0|0|0|0|0|0||||||49|374,16|0|||0|49|374,16|0|||0|4.1.1.01.003|
|C170|47|184||6|UN|338,34|0|0||5928||0|0|0|0|0|0|0||||||49|338,34|0|||0|49|338,34|0|||0|4.1.1.01.003|
|C170|48|10670||2000|UN|260|0|0||5928||0|0|0|0|0|0|0||||||01|260|1,65|||4,29|01|260|7,6|||19,76|4.1.1.01.003|
|C170|49|7783||5|UN|3,7|0|0||5928||0|0|0|0|0|0|0||||||01|3,7|1,65|||0,06|01|3,7|7,6|||0,28|4.1.1.01.003|
|C100|1|0|63374710000100|55|00|1|2648|31251153614153000195550010000026481000053000|08112025|08112025|7112,42|1|0|0|7112,42|9|0|0|0|0|0|0|0|0|83,59|385,1|0|0|
|C170|1|194||183|MT|581,94|0|0||5928||0|0|0|0|0|0|0||||||49|581,94|0|||0|49|581,94|0|||0|4.1.1.01.003|
|C170|2|11268||352|UN|408,32|0|0||5928||0|0|0|0|0|0|0||||||01|408,32|1,65|||6,74|01|408,32|7,6|||31,03|4.1.1.01.003|
|C170|3|11267||270|UN|148,5|0|0||5928||0|0|0|0|0|0|0||||||01|148,5|1,65|||2,45|01|148,5|7,6|||11,29|4.1.1.01.003|
|C170|4|11026||1|UN|91,17|0|0||5928||0|0|0|0|0|0|0||||||01|91,17|1,65|||1,5|01|91,17|7,6|||6,93|4.1.1.01.003|
|C170|5|444||280|MT|1010,8|0|0||5928||0|0|0|0|0|0|0||||||49|1010,8|0|||0|49|1010,8|0|||0|4.1.1.01.003|
|C170|6|494||145|MT|387,15|0|0||5928||0|0|0|0|0|0|0||||||49|387,15|0|||0|49|387,15|0|||0|4.1.1.01.003|
|C170|7|10852||2|UN|131,86|0|0||5928||0|0|0|0|0|0|0||||||01|131,86|1,65|||2,18|01|131,86|7,6|||10,02|4.1.1.01.003|
|C170|8|7021||15|UN|102,75|0|0||5928||0|0|0|0|0|0|0||||||01|102,75|1,65|||1,7|01|102,75|7,6|||7,81|4.1.1.01.003|
|C170|9|10214||2|UN|125,42|0|0||5928||0|0|0|0|0|0|0||||||01|125,42|1,65|||2,07|01|125,42|7,6|||9,53|4.1.1.01.003|
|C170|10|10215||4|UN|250,84|0|0||5928||0|0|0|0|0|0|0||||||01|250,84|1,65|||4,14|01|250,84|7,6|||19,06|4.1.1.01.003|
|C170|11|10216||1|UN|62,71|0|0||5928||0|0|0|0|0|0|0||||||01|62,71|1,65|||1,03|01|62,71|7,6|||4,77|4.1.1.01.003|
|C170|12|10217||2|UN|124,82|0|0||5928||0|0|0|0|0|0|0||||||01|124,82|1,65|||2,06|01|124,82|7,6|||9,49|4.1.1.01.003|
|C170|13|10218||1|UN|62,71|0|0||5928||0|0|0|0|0|0|0||||||01|62,71|1,65|||1,03|01|62,71|7,6|||4,77|4.1.1.01.003|
|C170|14|10219||1|UN|62,71|0|0||5928||0|0|0|0|0|0|0||||||01|62,71|1,65|||1,03|01|62,71|7,6|||4,77|4.1.1.01.003|
|C170|15|10813||2|UN|11,94|0|0||5928||0|0|0|0|0|0|0||||||01|11,94|1,65|||0,2|01|11,94|7,6|||0,91|4.1.1.01.003|
|C170|16|10076||9|UN|16,38|0|0||5928||0|0|0|0|0|0|0||||||01|16,38|1,65|||0,27|01|16,38|7,6|||1,24|4.1.1.01.003|
|C170|17|11176||20|UN|56|0|0||5928||0|0|0|0|0|0|0||||||01|56|1,65|||0,92|01|56|7,6|||4,26|4.1.1.01.003|
|C170|18|10652||5|UN|61,1|0|0||5928||0|0|0|0|0|0|0||||||01|61,1|1,65|||1,01|01|61,1|7,6|||4,64|4.1.1.01.003|
|C170|19|11182||10|UN|31,3|0|0||5928||0|0|0|0|0|0|0||||||01|31,3|1,65|||0,52|01|31,3|7,6|||2,38|4.1.1.01.003|
|C170|20|11181||1|UN|15,62|0|0||5928||0|0|0|0|0|0|0||||||01|15,62|1,65|||0,26|01|15,62|7,6|||1,19|4.1.1.01.003|
|C170|21|10667||3|UN|110,52|0|0||5928||0|0|0|0|0|0|0||||||01|110,52|1,65|||1,82|01|110,52|7,6|||8,4|4.1.1.01.003|
|C170|22|9831||2|UN|96,3|0|0||5928||0|0|0|0|0|0|0||||||01|96,3|1,65|||1,59|01|96,3|7,6|||7,32|4.1.1.01.003|
|C170|23|11266||281|UN|320,34|0|0||5928||0|0|0|0|0|0|0||||||01|320,34|1,65|||5,29|01|320,34|7,6|||24,35|4.1.1.01.003|
|C170|24|10917||12|UN|51,6|0|0||5928||0|0|0|0|0|0|0||||||01|51,6|1,65|||0,85|01|51,6|7,6|||3,92|4.1.1.01.003|
|C170|25|10745||10|UN|129,4|0|0||5928||0|0|0|0|0|0|0||||||01|129,4|1,65|||2,14|01|129,4|7,6|||9,83|4.1.1.01.003|
|C170|26|10744||3|KG|39,51|0|0||5928||0|0|0|0|0|0|0||||||01|39,51|1,65|||0,65|01|39,51|7,6|||3|4.1.1.01.003|
|C170|27|11138||5|UN|64,6|0|0||5928||0|0|0|0|0|0|0||||||01|64,6|1,65|||1,07|01|64,6|7,6|||4,91|4.1.1.01.003|
|C170|28|10752||5|UN|94,95|0|0||5928||0|0|0|0|0|0|0||||||01|94,95|1,65|||1,57|01|94,95|7,6|||7,22|4.1.1.01.003|
|C170|29|678||7|UN|65,8|0|0||5928||0|0|0|0|0|0|0||||||49|65,8|0|||0|49|65,8|0|||0|4.1.1.01.003|
|C170|30|11010||2|UN|68|0|0||5928||0|0|0|0|0|0|0||||||01|68|1,65|||1,12|01|68|7,6|||5,17|4.1.1.01.003|
|C170|31|11011||2|UN|66,84|0|0||5928||0|0|0|0|0|0|0||||||01|66,84|1,65|||1,1|01|66,84|7,6|||5,08|4.1.1.01.003|
|C170|32|6765||1|UN|6,04|0|0||5928||0|0|0|0|0|0|0||||||01|6,04|1,65|||0,1|01|6,04|7,6|||0,46|4.1.1.01.003|
|C170|33|10487||4|UN|50,88|0|0||5928||0|0|0|0|0|0|0||||||01|50,88|1,65|||0,84|01|50,88|7,6|||3,87|4.1.1.01.003|
|C170|34|11415||1|UN|336,19|0|0||5928||0|0|0|0|0|0|0||||||01|336,19|1,65|||5,55|01|336,19|7,6|||25,55|4.1.1.01.003|
|C170|35|11105||5|UN|13,6|0|0||5928||0|0|0|0|0|0|0||||||01|13,6|1,65|||0,22|01|13,6|7,6|||1,03|4.1.1.01.003|
|C170|36|11305||3|UN|28,71|0|0||5928||0|0|0|0|0|0|0||||||01|28,71|1,65|||0,47|01|28,71|7,6|||2,18|4.1.1.01.003|
|C170|37|7101||1|UN|153,8|0|0||5928||0|0|0|0|0|0|0||||||01|153,8|1,65|||2,54|01|153,8|7,6|||11,69|4.1.1.01.003|
|C170|38|6302||1|UN|44,33|0|0||5928||0|0|0|0|0|0|0||||||01|44,33|1,65|||0,73|01|44,33|7,6|||3,37|4.1.1.01.003|
|C170|39|9636||1|UN|57,23|0|0||5928||0|0|0|0|0|0|0||||||01|57,23|1,65|||0,94|01|57,23|7,6|||4,35|4.1.1.01.003|
|C170|40|11161||9|UN|49,5|0|0||5928||0|0|0|0|0|0|0||||||01|49,5|1,65|||0,82|01|49,5|7,6|||3,76|4.1.1.01.003|
|C170|41|10791||1|UN|156|0|0||5928||0|0|0|0|0|0|0||||||01|156|1,65|||2,57|01|156|7,6|||11,86|4.1.1.01.003|
|C170|42|10784||3|UN|671,46|0|0||5928||0|0|0|0|0|0|0||||||01|671,46|1,65|||11,08|01|671,46|7,6|||51,03|4.1.1.01.003|
|C170|43|10273||1|UN|162|0|0||5928||0|0|0|0|0|0|0||||||01|162|1,65|||2,67|01|162|7,6|||12,31|4.1.1.01.003|
|C170|44|10276||93|UN|130,2|0|0||5928||0|0|0|0|0|0|0||||||01|130,2|1,65|||2,15|01|130,2|7,6|||9,9|4.1.1.01.003|
|C170|45|11437||7|UN|20,86|0|0||5928||0|0|0|0|0|0|0||||||01|20,86|1,65|||0,34|01|20,86|7,6|||1,59|4.1.1.01.003|
|C170|46|7155||5|UN|167,4|0|0||5928||0|0|0|0|0|0|0||||||01|167,4|1,65|||2,76|01|167,4|7,6|||12,72|4.1.1.01.003|
|C170|47|11006||2|UN|30,12|0|0||5928||0|0|0|0|0|0|0||||||01|30,12|1,65|||0,5|01|30,12|7,6|||2,29|4.1.1.01.003|
|C170|48|7912||10|UN|71,7|0|0||5928||0|0|0|0|0|0|0||||||01|71,7|1,65|||1,18|01|71,7|7,6|||5,45|4.1.1.01.003|
|C170|49|9977||50|UN|110,5|0|0||5928||0|0|0|0|0|0|0||||||01|110,5|1,65|||1,82|01|110,5|7,6|||8,4|4.1.1.01.003|
|C100|1|0|63374710000100|55|00|1|2649|31251153614153000195550010000026491000053016|08112025|08112025|5445,07|0|0|0|5445,07|9|0|0|0|0|0|0|0|0|82,19|378,72|0|0|
|C170|1|9978||86,5|UN|230,96|0|0||5928||0|0|0|0|0|0|0||||||01|230,96|1,65|||3,81|01|230,96|7,6|||17,55|4.1.1.01.003|
|C170|2|9979||93|UN|205,53|0|0||5928||0|0|0|0|0|0|0||||||01|205,53|1,65|||3,39|01|205,53|7,6|||15,62|4.1.1.01.003|
|C170|3|6729||71|UN|178,92|0|0||5928||0|0|0|0|0|0|0||||||01|178,92|1,65|||2,95|01|178,92|7,6|||13,6|4.1.1.01.003|
|C170|4|6730||70|UN|176,4|0|0||5928||0|0|0|0|0|0|0||||||01|176,4|1,65|||2,91|01|176,4|7,6|||13,41|4.1.1.01.003|
|C170|5|10430||95,7|MT|476,59|0|0||5928||0|0|0|0|0|0|0||||||01|476,59|1,65|||7,86|01|476,59|7,6|||36,22|4.1.1.01.003|
|C170|6|7913||10|UN|174,6|0|0||5928||0|0|0|0|0|0|0||||||01|174,6|1,65|||2,88|01|174,6|7,6|||13,27|4.1.1.01.003|
|C170|7|6733||8|UN|48,08|0|0||5928||0|0|0|0|0|0|0||||||01|48,08|1,65|||0,79|01|48,08|7,6|||3,65|4.1.1.01.003|
|C170|8|542||4|PC|102,12|0|0||5928||0|0|0|0|0|0|0||||||49|102,12|0|||0|49|102,12|0|||0|4.1.1.01.003|
|C170|9|5109||2|UN|233,9|0|0||5928||0|0|0|0|0|0|0||||||01|233,9|1,65|||3,86|01|233,9|7,6|||17,78|4.1.1.01.003|
|C170|10|6643||3|UN|95,19|0|0||5928||0|0|0|0|0|0|0||||||01|95,19|1,65|||1,57|01|95,19|7,6|||7,23|4.1.1.01.003|
|C170|11|3321||2|UN|96|0|0||5928||0|0|0|0|0|0|0||||||49|96|0|||0|49|96|0|||0|4.1.1.01.003|
|C170|12|4755||20|UN|231,6|0|0||5928||0|0|0|0|0|0|0||||||01|231,6|1,65|||3,82|01|231,6|7,6|||17,6|4.1.1.01.003|
|C170|13|11095||1|UN|21,15|0|0||5928||0|0|0|0|0|0|0||||||01|21,15|1,65|||0,35|01|21,15|7,6|||1,61|4.1.1.01.003|
|C170|14|5206||6|PR|577,8|0|0||5928||0|0|0|0|0|0|0||||||01|577,8|1,65|||9,53|01|577,8|7,6|||43,91|4.1.1.01.003|
|C170|15|10882||1|UN|4,96|0|0||5928||0|0|0|0|0|0|0||||||01|4,96|1,65|||0,08|01|4,96|7,6|||0,38|4.1.1.01.003|
|C170|16|11041||1|UN|6,53|0|0||5928||0|0|0|0|0|0|0||||||01|6,53|1,65|||0,11|01|6,53|7,6|||0,5|4.1.1.01.003|
|C170|17|6673||1|UN|47,57|0|0||5928||0|0|0|0|0|0|0||||||01|47,57|1,65|||0,78|01|47,57|7,6|||3,62|4.1.1.01.003|
|C170|18|11281||1|UN|23,66|0|0||5928||0|0|0|0|0|0|0||||||01|23,66|1,65|||0,39|01|23,66|7,6|||1,8|4.1.1.01.003|
|C170|19|11345||1|UN|86,22|0|0||5928||0|0|0|0|0|0|0||||||01|86,22|1,65|||1,42|01|86,22|7,6|||6,55|4.1.1.01.003|
|C170|20|9861||1|UN|21,76|0|0||5928||0|0|0|0|0|0|0||||||01|21,76|1,65|||0,36|01|21,76|7,6|||1,65|4.1.1.01.003|
|C170|21|10997||4|UN|14,44|0|0||5928||0|0|0|0|0|0|0||||||01|14,44|1,65|||0,24|01|14,44|7,6|||1,1|4.1.1.01.003|
|C170|22|10914||3|UN|27,75|0|0||5928||0|0|0|0|0|0|0||||||01|27,75|1,65|||0,46|01|27,75|7,6|||2,11|4.1.1.01.003|
|C170|23|11117||2|UN|108,28|0|0||5928||0|0|0|0|0|0|0||||||01|108,28|1,65|||1,79|01|108,28|7,6|||8,23|4.1.1.01.003|
|C170|24|5830||24|UN|405,6|0|0||5928||0|0|0|0|0|0|0||||||01|405,6|1,65|||6,69|01|405,6|7,6|||30,83|4.1.1.01.003|
|C170|25|7365||10|UN|183,4|0|0||5928||0|0|0|0|0|0|0||||||01|183,4|1,65|||3,03|01|183,4|7,6|||13,94|4.1.1.01.003|
|C170|26|10669||11|UN|201,74|0|0||5928||0|0|0|0|0|0|0||||||01|201,74|1,65|||3,33|01|201,74|7,6|||15,33|4.1.1.01.003|
|C170|27|10801||10|UN|199|0|0||5928||0|0|0|0|0|0|0||||||01|199|1,65|||3,28|01|199|7,6|||15,12|4.1.1.01.003|
|C170|28|7364||3|UN|36,39|0|0||5928||0|0|0|0|0|0|0||||||01|36,39|1,65|||0,6|01|36,39|7,6|||2,77|4.1.1.01.003|
|C170|29|8518||2|UN|29,16|0|0||5928||0|0|0|0|0|0|0||||||01|29,16|1,65|||0,48|01|29,16|7,6|||2,22|4.1.1.01.003|
|C170|30|9931||3|UN|33,9|0|0||5928||0|0|0|0|0|0|0||||||01|33,9|1,65|||0,56|01|33,9|7,6|||2,58|4.1.1.01.003|
|C170|31|10871||1|UN|13,55|0|0||5928||0|0|0|0|0|0|0||||||01|13,55|1,65|||0,22|01|13,55|7,6|||1,03|4.1.1.01.003|
|C170|32|9930||1|UN|14,2|0|0||5928||0|0|0|0|0|0|0||||||01|14,2|1,65|||0,23|01|14,2|7,6|||1,08|4.1.1.01.003|
|C170|33|7514||5|UN|15,3|0|0||5928||0|0|0|0|0|0|0||||||01|15,3|1,65|||0,25|01|15,3|7,6|||1,16|4.1.1.01.003|
|C170|34|8008||1|UN|103,76|0|0||5928||0|0|0|0|0|0|0||||||01|103,76|1,65|||1,71|01|103,76|7,6|||7,89|4.1.1.01.003|
|C170|35|10843||1|UN|3,6|0|0||5928||0|0|0|0|0|0|0||||||01|3,6|1,65|||0,06|01|3,6|7,6|||0,27|4.1.1.01.003|
|C170|36|6330||11|UN|19,03|0|0||5928||0|0|0|0|0|0|0||||||01|19,03|1,65|||0,31|01|19,03|7,6|||1,45|4.1.1.01.003|
|C170|37|6331||19|UN|48,45|0|0||5928||0|0|0|0|0|0|0||||||01|48,45|1,65|||0,8|01|48,45|7,6|||3,68|4.1.1.01.003|
|C170|38|6333||8|UN|16,88|0|0||5928||0|0|0|0|0|0|0||||||01|16,88|1,65|||0,28|01|16,88|7,6|||1,28|4.1.1.01.003|
|C170|39|6779||1|UN|6,56|0|0||5928||0|0|0|0|0|0|0||||||01|6,56|1,65|||0,11|01|6,56|7,6|||0,5|4.1.1.01.003|
|C170|40|6334||11|UN|22,22|0|0||5928||0|0|0|0|0|0|0||||||01|22,22|1,65|||0,37|01|22,22|7,6|||1,69|4.1.1.01.003|
|C170|41|8598||3|UN|21|0|0||5928||0|0|0|0|0|0|0||||||01|21|1,65|||0,35|01|21|7,6|||1,6|4.1.1.01.003|
|C170|42|11003||9|UN|9,54|0|0||5928||0|0|0|0|0|0|0||||||01|9,54|1,65|||0,16|01|9,54|7,6|||0,73|4.1.1.01.003|
|C170|43|10945||2|UN|7,56|0|0||5928||0|0|0|0|0|0|0||||||01|7,56|1,65|||0,12|01|7,56|7,6|||0,57|4.1.1.01.003|
|C170|44|31||33|UN|264|0|0||5928||0|0|0|0|0|0|0||||||49|264|0|||0|49|264|0|||0|4.1.1.01.003|
|C170|45|6770||31|UN|314,03|0|0||5928||0|0|0|0|0|0|0||||||01|314,03|1,65|||5,18|01|314,03|7,6|||23,87|4.1.1.01.003|
|C170|46|11183||5|UN|20,85|0|0||5928||0|0|0|0|0|0|0||||||01|20,85|1,65|||0,34|01|20,85|7,6|||1,58|4.1.1.01.003|
|C170|47|9741||1|UN|96,2|0|0||5928||0|0|0|0|0|0|0||||||01|96,2|1,65|||1,59|01|96,2|7,6|||7,31|4.1.1.01.003|
|C170|48|11255||2|UN|71,64|0|0||5928||0|0|0|0|0|0|0||||||01|71,64|1,65|||1,18|01|71,64|7,6|||5,44|4.1.1.01.003|
|C170|49|11256||2|UN|97,5|0|0||5928||0|0|0|0|0|0|0||||||01|97,5|1,65|||1,61|01|97,5|7,6|||7,41|4.1.1.01.003|
|C100|1|0|63374710000100|55|00|1|2650|31251153614153000195550010000026501000053025|08112025|08112025|6454,96|0|0|0|6316,07|9|0|0|0|0|0|0|0|138,89|86,48|398,36|0|0|
|C170|1|10120||4|UN|92|0|0||5928||0|0|0|0|0|0|0||||||01|92|1,65|||1,52|01|92|7,6|||6,99|4.1.1.01.003|
|C170|2|3678||4|UN|124,96|0|0||5928||0|0|0|0|0|0|0||||||49|124,96|0|||0|49|124,96|0|||0|4.1.1.01.003|
|C170|3|10230||6|UN|223,44|0|0||5928||0|0|0|0|0|0|0||||||01|223,44|1,65|||3,69|01|223,44|7,6|||16,98|4.1.1.01.003|
|C170|4|10210||2|UN|323,78|0|0||5928||0|0|0|0|0|0|0||||||01|323,78|1,65|||5,34|01|323,78|7,6|||24,61|4.1.1.01.003|
|C170|5|10851||1|UN|53,9|0|0||5928||0|0|0|0|0|0|0||||||01|53,9|1,65|||0,89|01|53,9|7,6|||4,1|4.1.1.01.003|
|C170|6|10938||2|UN|107,8|0|0||5928||0|0|0|0|0|0|0||||||01|107,8|1,65|||1,78|01|107,8|7,6|||8,19|4.1.1.01.003|
|C170|7|10102||1|UN|53,9|0|0||5928||0|0|0|0|0|0|0||||||01|53,9|1,65|||0,89|01|53,9|7,6|||4,1|4.1.1.01.003|
|C170|8|7150||1|UN|83,02|0|0||5928||0|0|0|0|0|0|0||||||01|83,02|1,65|||1,37|01|83,02|7,6|||6,31|4.1.1.01.003|
|C170|9|10146||1|UN|74,54|0|0||5928||0|0|0|0|0|0|0||||||01|74,54|1,65|||1,23|01|74,54|7,6|||5,67|4.1.1.01.003|
|C170|10|10363||1|UN|75,19|0|0||5928||0|0|0|0|0|0|0||||||01|75,19|1,65|||1,24|01|75,19|7,6|||5,71|4.1.1.01.003|
|C170|11|10481||1|UN|148,45|0|0||5928||0|0|0|0|0|0|0||||||01|148,45|1,65|||2,45|01|148,45|7,6|||11,28|4.1.1.01.003|
|C170|12|10482||1|UN|148,45|0|0||5928||0|0|0|0|0|0|0||||||01|148,45|1,65|||2,45|01|148,45|7,6|||11,28|4.1.1.01.003|
|C170|13|8910||4|PR|123,04|0|0||5928||0|0|0|0|0|0|0||||||01|123,04|1,65|||2,03|01|123,04|7,6|||9,35|4.1.1.01.003|
|C170|14|7578||1|PR|92,33|0|0||5928||0|0|0|0|0|0|0||||||01|92,33|1,65|||1,52|01|92,33|7,6|||7,02|4.1.1.01.003|
|C170|15|7936||97|UN|259,96|0|0||5928||0|0|0|0|0|0|0||||||01|259,96|1,65|||4,29|01|259,96|7,6|||19,76|4.1.1.01.003|
|C170|16|11400||2|UN|227,46|0|0||5928||0|0|0|0|0|0|0||||||01|227,46|1,65|||3,75|01|227,46|7,6|||17,29|4.1.1.01.003|
|C170|17|2527||5|UN|174,8|0|0||5928||0|0|0|0|0|0|0||||||49|174,8|0|||0|49|174,8|0|||0|4.1.1.01.003|
|C170|18|10022||7|UN|179,27|0|0||5928||0|0|0|0|0|0|0||||||01|179,27|1,65|||2,96|01|179,27|7,6|||13,62|4.1.1.01.003|
|C170|19|10886||2|UN|81,16|0|0||5928||0|0|0|0|0|0|0||||||01|81,16|1,65|||1,34|01|81,16|7,6|||6,17|4.1.1.01.003|
|C170|20|6113||2|UN|21,68|0|0||5928||0|0|0|0|0|0|0||||||01|21,68|1,65|||0,36|01|21,68|7,6|||1,65|4.1.1.01.003|
|C170|21|10075||2|UN|4,12|0|0||5928||0|0|0|0|0|0|0||||||01|4,12|1,65|||0,07|01|4,12|7,6|||0,31|4.1.1.01.003|
|C170|22|10651||4|UN|36,8|0|0||5928||0|0|0|0|0|0|0||||||01|36,8|1,65|||0,61|01|36,8|7,6|||2,8|4.1.1.01.003|
|C170|23|7167||11|UN|114,4|0|0||5928||0|0|0|0|0|0|0||||||01|114,4|1,65|||1,89|01|114,4|7,6|||8,69|4.1.1.01.003|
|C170|24|6785||5|UN|24,4|0|0||5928||0|0|0|0|0|0|0||||||01|24,4|1,65|||0,4|01|24,4|7,6|||1,85|4.1.1.01.003|
|C170|25|10071||27|UN|33,75|0|0||5928||0|0|0|0|0|0|0||||||01|33,75|1,65|||0,56|01|33,75|7,6|||2,56|4.1.1.01.003|
|C170|26|9894||3|UN|81,27|0|0||5928||0|0|0|0|0|0|0||||||01|81,27|1,65|||1,34|01|81,27|7,6|||6,18|4.1.1.01.003|
|C170|27|660||42|PC|55,44|0|0||5928||0|0|0|0|0|0|0||||||49|55,44|0|||0|49|55,44|0|||0|4.1.1.01.003|
|C170|28|7156||2|UN|288,7|0|0||5928||0|0|0|0|0|0|0||||||01|288,7|1,65|||4,76|01|288,7|7,6|||21,94|4.1.1.01.003|
|C170|29|10755||4|UN|20,32|0|0||5928||0|0|0|0|0|0|0||||||01|20,32|1,65|||0,34|01|20,32|7,6|||1,54|4.1.1.01.003|
|C170|30|10739||2|UN|51,34|0|0||5928||0|0|0|0|0|0|0||||||01|51,34|1,65|||0,85|01|51,34|7,6|||3,9|4.1.1.01.003|
|C170|31|11434||1|UN|10,59|0|0||5928||0|0|0|0|0|0|0||||||01|10,59|1,65|||0,17|01|10,59|7,6|||0,8|4.1.1.01.003|
|C170|32|10336||2|UN|20,14|0|0||5928||0|0|0|0|0|0|0||||||01|20,14|1,65|||0,33|01|20,14|7,6|||1,53|4.1.1.01.003|
|C170|33|5868||65|UN|783,9|0|0||5928||0|0|0|0|0|0|0||||||01|783,9|1,65|||12,93|01|783,9|7,6|||59,58|4.1.1.01.003|
|C170|34|10966||13|UN|108,16|0|0||5928||0|0|0|0|0|0|0||||||01|108,16|1,65|||1,78|01|108,16|7,6|||8,22|4.1.1.01.003|
|C170|35|2465||1|PR|39,9|0|0||5928||0|0|0|0|0|0|0||||||49|39,9|0|||0|49|39,9|0|||0|4.1.1.01.003|
|C170|36|8376||3|PR|117,9|0|0||5928||0|0|0|0|0|0|0||||||01|117,9|1,65|||1,95|01|117,9|7,6|||8,96|4.1.1.01.003|
|C170|37|6316||4|UN|24,16|0|0||5928||0|0|0|0|0|0|0||||||01|24,16|1,65|||0,4|01|24,16|7,6|||1,84|4.1.1.01.003|
|C170|38|10402||3|UN|231,48|0|0||5928||0|0|0|0|0|0|0||||||01|231,48|1,65|||3,82|01|231,48|7,6|||17,59|4.1.1.01.003|
|C170|39|10403||3|UN|305,64|0|0||5928||0|0|0|0|0|0|0||||||01|305,64|1,65|||5,04|01|305,64|7,6|||23,23|4.1.1.01.003|
|C170|40|6278||5|PR|102,5|0|0||5928||0|0|0|0|0|0|0||||||01|102,5|1,65|||1,69|01|102,5|7,6|||7,79|4.1.1.01.003|
|C170|41|10427||10|PR|205|0|0||5928||0|0|0|0|0|0|0||||||01|205|1,65|||3,38|01|205|7,6|||15,58|4.1.1.01.003|
|C170|42|1987||7|PR|439,74|0|0||5928||0|0|0|0|0|0|0||||||49|439,74|0|||0|49|439,74|0|||0|4.1.1.01.003|
|C170|43|6970||1|UN|47,3|0|0||5928||0|0|0|0|0|0|0||||||01|47,3|1,65|||0,78|01|47,3|7,6|||3,59|4.1.1.01.003|
|C170|44|11060||1|UN|114,84|0|0||5928||0|0|0|0|0|0|0||||||01|114,84|1,65|||1,89|01|114,84|7,6|||8,73|4.1.1.01.003|
|C170|45|10175||2|UN|11,98|0|0||5928||0|0|0|0|0|0|0||||||01|11,98|1,65|||0,2|01|11,98|7,6|||0,91|4.1.1.01.003|
|C170|46|11038||26|PR|239,46|0|0||5928||0|0|0|0|0|0|0||||58|138,89|49|239,46|0|||0|49|239,46|0|||0|4.1.1.01.003|
|C170|47|5854||11|PR|101,31|0|0||5928||0|0|0|0|0|0|0||||||01|101,31|1,65|||1,67|01|101,31|7,6|||7,7|4.1.1.01.003|
|C170|48|10551||1|UN|32,4|0|0||5928||0|0|0|0|0|0|0||||||01|32,4|1,65|||0,53|01|32,4|7,6|||2,46|4.1.1.01.003|
|C100|1|0|63374710000100|55|00|1|2651|31251153614153000195550010000026511000053030|08112025|08112025|9202,69|0|0|0|9202,69|9|0|0|0|0|0|0|0|0|140,26|645,92|0|0|
|C170|1|6320||7|UN|224,91|0|0||5928||0|0|0|0|0|0|0||||||01|224,91|1,65|||3,71|01|224,91|7,6|||17,09|4.1.1.01.003|
|C170|2|6323||2|UN|64,8|0|0||5928||0|0|0|0|0|0|0||||||01|64,8|1,65|||1,07|01|64,8|7,6|||4,92|4.1.1.01.003|
|C170|3|10571||1|UN|343,65|0|0||5928||0|0|0|0|0|0|0||||||01|343,65|1,65|||5,67|01|343,65|7,6|||26,12|4.1.1.01.003|
|C170|4|10272||3|UN|65,37|0|0||5928||0|0|0|0|0|0|0||||||01|65,37|1,65|||1,08|01|65,37|7,6|||4,97|4.1.1.01.003|
|C170|5|11290||6|UN|78,66|0|0||5928||0|0|0|0|0|0|0||||||01|78,66|1,65|||1,3|01|78,66|7,6|||5,98|4.1.1.01.003|
|C170|6|4652||1|UN|52|0|0||5928||0|0|0|0|0|0|0||||||01|52|1,65|||0,86|01|52|7,6|||3,95|4.1.1.01.003|
|C170|7|4988||4|PR|77,2|0|0||5928||0|0|0|0|0|0|0||||||01|77,2|1,65|||1,27|01|77,2|7,6|||5,87|4.1.1.01.003|
|C170|8|10563||13|UN|129,61|0|0||5928||0|0|0|0|0|0|0||||||01|129,61|1,65|||2,14|01|129,61|7,6|||9,85|4.1.1.01.003|
|C170|9|10593||14|PR|112,7|0|0||5928||0|0|0|0|0|0|0||||||01|112,7|1,65|||1,86|01|112,7|7,6|||8,57|4.1.1.01.003|
|C170|10|11029||19|UN|49,02|0|0||5928||0|0|0|0|0|0|0||||||01|49,02|1,65|||0,81|01|49,02|7,6|||3,73|4.1.1.01.003|
|C170|11|11393||2|UN|15,22|0|0||5928||0|0|0|0|0|0|0||||||01|15,22|1,65|||0,25|01|15,22|7,6|||1,16|4.1.1.01.003|
|C170|12|10315||11|UN|123,97|0|0||5928||0|0|0|0|0|0|0||||||01|123,97|1,65|||2,05|01|123,97|7,6|||9,42|4.1.1.01.003|
|C170|13|10316||10|UN|273,7|0|0||5928||0|0|0|0|0|0|0||||||01|273,7|1,65|||4,52|01|273,7|7,6|||20,8|4.1.1.01.003|
|C170|14|11052||2|UN|96,2|0|0||5928||0|0|0|0|0|0|0||||||01|96,2|1,65|||1,59|01|96,2|7,6|||7,31|4.1.1.01.003|
|C170|15|10965||143|UN|1266,98|0|0||5928||0|0|0|0|0|0|0||||||01|1266,98|1,65|||20,91|01|1266,98|7,6|||96,29|4.1.1.01.003|
|C170|16|10964||288|UN|2396,16|0|0||5928||0|0|0|0|0|0|0||||||01|2396,16|1,65|||39,54|01|2396,16|7,6|||182,11|4.1.1.01.003|
|C170|17|10854||4|UN|35,56|0|0||5928||0|0|0|0|0|0|0||||||01|35,56|1,65|||0,59|01|35,56|7,6|||2,7|4.1.1.01.003|
|C170|18|10821||2|UN|55|0|0||5928||0|0|0|0|0|0|0||||||01|55|1,65|||0,91|01|55|7,6|||4,18|4.1.1.01.003|
|C170|19|701||7|PR|150,5|0|0||5928||0|0|0|0|0|0|0||||||49|150,5|0|||0|49|150,5|0|||0|4.1.1.01.003|
|C170|20|6728||11|PR|101,42|0|0||5928||0|0|0|0|0|0|0||||||49|101,42|0|||0|49|101,42|0|||0|4.1.1.01.003|
|C170|21|2964||13|PR|101,4|0|0||5928||0|0|0|0|0|0|0||||||49|101,4|0|||0|49|101,4|0|||0|4.1.1.01.003|
|C170|22|10585||12|UN|89,16|0|0||5928||0|0|0|0|0|0|0||||||01|89,16|1,65|||1,47|01|89,16|7,6|||6,78|4.1.1.01.003|
|C170|23|1947||4|PR|29,48|0|0||5928||0|0|0|0|0|0|0||||||49|29,48|0|||0|49|29,48|0|||0|4.1.1.01.003|
|C170|24|1948||18|PR|133,74|0|0||5928||0|0|0|0|0|0|0||||||49|133,74|0|||0|49|133,74|0|||0|4.1.1.01.003|
|C170|25|7330||2|PR|14,86|0|0||5928||0|0|0|0|0|0|0||||||01|14,86|1,65|||0,25|01|14,86|7,6|||1,13|4.1.1.01.003|
|C170|26|4273||7|PR|244,37|0|0||5928||0|0|0|0|0|0|0||||||01|244,37|1,65|||4,03|01|244,37|7,6|||18,57|4.1.1.01.003|
|C170|27|10659||1|UN|67,2|0|0||5928||0|0|0|0|0|0|0||||||01|67,2|1,65|||1,11|01|67,2|7,6|||5,11|4.1.1.01.003|
|C170|28|3900||16|PAR|105,76|0|0||5928||0|0|0|0|0|0|0||||||01|105,76|1,65|||1,75|01|105,76|7,6|||8,04|4.1.1.01.003|
|C170|29|5849||1|PAR|6|0|0||5928||0|0|0|0|0|0|0||||||01|6|1,65|||0,1|01|6|7,6|||0,46|4.1.1.01.003|
|C170|30|4140||8|PAR|56|0|0||5928||0|0|0|0|0|0|0||||||01|56|1,65|||0,92|01|56|7,6|||4,26|4.1.1.01.003|
|C170|31|9985||10|UN|56,8|0|0||5928||0|0|0|0|0|0|0||||||01|56,8|1,65|||0,94|01|56,8|7,6|||4,32|4.1.1.01.003|
|C170|32|11291||27|UN|353,97|0|0||5928||0|0|0|0|0|0|0||||||01|353,97|1,65|||5,84|01|353,97|7,6|||26,9|4.1.1.01.003|
|C170|33|11289||14|UN|183,54|0|0||5928||0|0|0|0|0|0|0||||||01|183,54|1,65|||3,03|01|183,54|7,6|||13,95|4.1.1.01.003|
|C170|34|9987||28|UN|224,28|0|0||5928||0|0|0|0|0|0|0||||||01|224,28|1,65|||3,7|01|224,28|7,6|||17,05|4.1.1.01.003|
|C170|35|9988||24|UN|158,64|0|0||5928||0|0|0|0|0|0|0||||||01|158,64|1,65|||2,62|01|158,64|7,6|||12,06|4.1.1.01.003|
|C170|36|9989||23|UN|184,23|0|0||5928||0|0|0|0|0|0|0||||||01|184,23|1,65|||3,04|01|184,23|7,6|||14|4.1.1.01.003|
|C170|37|9955||1|UN|74,3|0|0||5928||0|0|0|0|0|0|0||||||01|74,3|1,65|||1,23|01|74,3|7,6|||5,65|4.1.1.01.003|
|C170|38|10967||42|UN|358,26|0|0||5928||0|0|0|0|0|0|0||||||01|358,26|1,65|||5,91|01|358,26|7,6|||27,23|4.1.1.01.003|
|C170|39|5974||1|PR|15,63|0|0||5928||0|0|0|0|0|0|0||||||01|15,63|1,65|||0,26|01|15,63|7,6|||1,19|4.1.1.01.003|
|C170|40|11463||12|UN|97,44|0|0||5928||0|0|0|0|0|0|0||||||01|97,44|1,65|||1,61|01|97,44|7,6|||7,41|4.1.1.01.003|
|C170|41|9561||13|PAR|390,39|0|0||5928||0|0|0|0|0|0|0||||||01|390,39|1,65|||6,44|01|390,39|7,6|||29,67|4.1.1.01.003|
|C170|42|6435||13|PR|63,57|0|0||5928||0|0|0|0|0|0|0||||||01|63,57|1,65|||1,05|01|63,57|7,6|||4,83|4.1.1.01.003|
|C170|43|10558||20|PR|97,8|0|0||5928||0|0|0|0|0|0|0||||||01|97,8|1,65|||1,61|01|97,8|7,6|||7,43|4.1.1.01.003|
|C170|44|3296||4|PR|20,6|0|0||5928||0|0|0|0|0|0|0||||||49|20,6|0|||0|49|20,6|0|||0|4.1.1.01.003|
|C170|45|11464||6|UN|114,54|0|0||5928||0|0|0|0|0|0|0||||||01|114,54|1,65|||1,89|01|114,54|7,6|||8,71|4.1.1.01.003|
|C170|46|176||12|PR|87,24|0|0||5928||0|0|0|0|0|0|0||||||49|87,24|0|||0|49|87,24|0|||0|4.1.1.01.003|
|C170|47|357||11|PR|79,97|0|0||5928||0|0|0|0|0|0|0||||||49|79,97|0|||0|49|79,97|0|||0|4.1.1.01.003|
|C170|48|10011||1|UN|22,53|0|0||5928||0|0|0|0|0|0|0||||||01|22,53|1,65|||0,37|01|22,53|7,6|||1,71|4.1.1.01.003|
|C170|49|10008||2|UN|58,36|0|0||5928||0|0|0|0|0|0|0||||||01|58,36|1,65|||0,96|01|58,36|7,6|||4,44|4.1.1.01.003|
|C100|1|0|63374710000100|55|00|1|2652|31251153614153000195550010000026521000053046|08112025|08112025|7844,19|0|0|0|7844,19|9|0|0|0|0|0|0|0|0|111,61|514,19|0|0|
|C170|1|7629||18|PR|111,78|0|0||5928||0|0|0|0|0|0|0||||||01|111,78|1,65|||1,84|01|111,78|7,6|||8,5|4.1.1.01.003|
|C170|2|10010||4|UN|138,08|0|0||5928||0|0|0|0|0|0|0||||||01|138,08|1,65|||2,28|01|138,08|7,6|||10,49|4.1.1.01.003|
|C170|3|1509||27|PR|160,11|0|0||5928||0|0|0|0|0|0|0||||||49|160,11|0|||0|49|160,11|0|||0|4.1.1.01.003|
|C170|4|11065||3|UN|14,31|0|0||5928||0|0|0|0|0|0|0||||||01|14,31|1,65|||0,24|01|14,31|7,6|||1,09|4.1.1.01.003|
|C170|5|11301||4|UN|19,08|0|0||5928||0|0|0|0|0|0|0||||||01|19,08|1,65|||0,31|01|19,08|7,6|||1,45|4.1.1.01.003|
|C170|6|11250||6|UN|137,82|0|0||5928||0|0|0|0|0|0|0||||||01|137,82|1,65|||2,27|01|137,82|7,6|||10,47|4.1.1.01.003|
|C170|7|10085||9|UN|79,56|0|0||5928||0|0|0|0|0|0|0||||||01|79,56|1,65|||1,31|01|79,56|7,6|||6,05|4.1.1.01.003|
|C170|8|10086||4|UN|33,92|0|0||5928||0|0|0|0|0|0|0||||||01|33,92|1,65|||0,56|01|33,92|7,6|||2,58|4.1.1.01.003|
|C170|9|5939||9|PR|47,43|0|0||5928||0|0|0|0|0|0|0||||||01|47,43|1,65|||0,78|01|47,43|7,6|||3,6|4.1.1.01.003|
|C170|10|5936||8|PR|29,2|0|0||5928||0|0|0|0|0|0|0||||||01|29,2|1,65|||0,48|01|29,2|7,6|||2,22|4.1.1.01.003|
|C170|11|8006||4|UN|253,44|0|0||5928||0|0|0|0|0|0|0||||||01|253,44|1,65|||4,18|01|253,44|7,6|||19,26|4.1.1.01.003|
|C170|12|6223||2|UN|108,68|0|0||5928||0|0|0|0|0|0|0||||||01|108,68|1,65|||1,79|01|108,68|7,6|||8,26|4.1.1.01.003|
|C170|13|10394||15|UN|85,2|0|0||5928||0|0|0|0|0|0|0||||||01|85,2|1,65|||1,41|01|85,2|7,6|||6,48|4.1.1.01.003|
|C170|14|9933||25|UN|904,25|0|0||5928||0|0|0|0|0|0|0||||||01|904,25|1,65|||14,92|01|904,25|7,6|||68,72|4.1.1.01.003|
|C170|15|9934||3|UN|108,51|0|0||5928||0|0|0|0|0|0|0||||||01|108,51|1,65|||1,79|01|108,51|7,6|||8,25|4.1.1.01.003|
|C170|16|9935||7|UN|253,19|0|0||5928||0|0|0|0|0|0|0||||||01|253,19|1,65|||4,18|01|253,19|7,6|||19,24|4.1.1.01.003|
|C170|17|9936||7|UN|253,19|0|0||5928||0|0|0|0|0|0|0||||||01|253,19|1,65|||4,18|01|253,19|7,6|||19,24|4.1.1.01.003|
|C170|18|6060||2000|UN|60|0|0||5928||0|0|0|0|0|0|0||||||01|60|1,65|||0,99|01|60|7,6|||4,56|4.1.1.01.003|
|C170|19|10198||1|UN|1,68|0|0||5928||0|0|0|0|0|0|0||||||01|1,68|1,65|||0,03|01|1,68|7,6|||0,13|4.1.1.01.003|
|C170|20|8152||2000|UN|60|0|0||5928||0|12|0|0|0|0|0||||||01|60|1,65|||0,99|01|60|7,6|||4,56|4.1.1.01.003|
|C170|21|10836||1|UN|23,22|0|0||5928||0|0|0|0|0|0|0||||||01|23,22|1,65|||0,38|01|23,22|7,6|||1,76|4.1.1.01.003|
|C170|22|7262||52|PR|106,08|0|0||5928||0|0|0|0|0|0|0||||||01|106,08|1,65|||1,75|01|106,08|7,6|||8,06|4.1.1.01.003|
|C170|23|2781||50|UN|122,5|0|0||5928||0|0|0|0|0|0|0||||||49|122,5|0|||0|49|122,5|0|||0|4.1.1.01.003|
|C170|24|2780||141|UN|365,19|0|0||5928||0|0|0|0|0|0|0||||||49|365,19|0|||0|49|365,19|0|||0|4.1.1.01.003|
|C170|25|10792||29|UN|75,11|0|0||5928||0|0|0|0|0|0|0||||||49|75,11|0|||0|49|75,11|0|||0|4.1.1.01.003|
|C170|26|6719||17|UN|140,59|0|0||5928||0|0|0|0|0|0|0||||||01|140,59|1,65|||2,32|01|140,59|7,6|||10,68|4.1.1.01.003|
|C170|27|5973||41|PR|555,96|0|0||5928||0|0|0|0|0|0|0||||||01|555,96|1,65|||9,17|01|555,96|7,6|||42,25|4.1.1.01.003|
|C170|28|11368||9|UN|237,51|0|0||5928||0|0|0|0|0|0|0||||||01|237,51|1,65|||3,92|01|237,51|7,6|||18,05|4.1.1.01.003|
|C170|29|11315||1|UN|3,68|0|0||5928||0|0|0|0|0|0|0||||||01|3,68|1,65|||0,06|01|3,68|7,6|||0,28|4.1.1.01.003|
|C170|30|3880||7|PR|34,79|0|0||5928||0|0|0|0|0|0|0||||||01|34,79|1,65|||0,57|01|34,79|7,6|||2,64|4.1.1.01.003|
|C170|31|11199||9|UN|567,81|0|0||5928||0|0|0|0|0|0|0||||||01|567,81|1,65|||9,37|01|567,81|7,6|||43,15|4.1.1.01.003|
|C170|32|10166||7|UN|41,02|0|0||5928||0|0|0|0|0|0|0||||||01|41,02|1,65|||0,68|01|41,02|7,6|||3,12|4.1.1.01.003|
|C170|33|11225||1|UN|33,5|0|0||5928||0|0|0|0|0|0|0||||||01|33,5|1,65|||0,55|01|33,5|7,6|||2,55|4.1.1.01.003|
|C170|34|11257||1000|UN|30|0|0||5928||0|0|0|0|0|0|0||||||01|30|1,65|||0,49|01|30|7,6|||2,28|4.1.1.01.003|
|C170|35|6270||2|UN|31,14|0|0||5928||0|0|0|0|0|0|0||||||01|31,14|1,65|||0,51|01|31,14|7,6|||2,37|4.1.1.01.003|
|C170|36|7904||1|PAR|4,18|0|0||5928||0|0|0|0|0|0|0||||||01|4,18|1,65|||0,07|01|4,18|7,6|||0,32|4.1.1.01.003|
|C170|37|7906||74|PAR|309,32|0|0||5928||0|0|0|0|0|0|0||||||01|309,32|1,65|||5,1|01|309,32|7,6|||23,51|4.1.1.01.003|
|C170|38|7902||9|PR|37,62|0|0||5928||0|0|0|0|0|0|0||||||01|37,62|1,65|||0,62|01|37,62|7,6|||2,86|4.1.1.01.003|
|C170|39|7095||86|PAR|359,48|0|0||5928||0|0|0|0|0|0|0||||||01|359,48|1,65|||5,93|01|359,48|7,6|||27,32|4.1.1.01.003|
|C170|40|7992||25|PR|104,5|0|0||5928||0|0|0|0|0|0|0||||||01|104,5|1,65|||1,72|01|104,5|7,6|||7,94|4.1.1.01.003|
|C170|41|7805||178|PR|744,04|0|0||5928||0|0|0|0|0|0|0||||||01|744,04|1,65|||12,28|01|744,04|7,6|||56,55|4.1.1.01.003|
|C170|42|7574||19|UN|130,15|0|0||5928||0|0|0|0|0|0|0||||||01|130,15|1,65|||2,15|01|130,15|7,6|||9,89|4.1.1.01.003|
|C170|43|10423||20|UN|101,4|0|0||5928||0|0|0|0|0|0|0||||||01|101,4|1,65|||1,67|01|101,4|7,6|||7,71|4.1.1.01.003|
|C170|44|2725||4|UN|64,64|0|0||5928||0|0|0|0|0|0|0||||||49|64,64|0|||0|49|64,64|0|||0|4.1.1.01.003|
|C170|45|1812||1|UN|16,16|0|0||5928||0|0|0|0|0|0|0||||||49|16,16|0|||0|49|16,16|0|||0|4.1.1.01.003|
|C170|46|2907||8|UN|129,28|0|0||5928||0|0|0|0|0|0|0||||||49|129,28|0|||0|49|129,28|0|||0|4.1.1.01.003|
|C170|47|1812||1|UN|16,16|0|0||5928||0|0|0|0|0|0|0||||||49|16,16|0|||0|49|16,16|0|||0|4.1.1.01.003|
|C170|48|2907||8|UN|129,28|0|0||5928||0|0|0|0|0|0|0||||||49|129,28|0|||0|49|129,28|0|||0|4.1.1.01.003|
|C170|49|11265||1|UN|123,58|0|0||5928||0|0|0|0|0|0|0||||||01|123,58|1,65|||2,04|01|123,58|7,6|||9,39|4.1.1.01.003|
|C170|50|9838||1|UN|115,59|0|0||5928||0|0|0|0|0|0|0||||||01|115,59|1,65|||1,91|01|115,59|7,6|||8,78|4.1.1.01.003|
|C170|51|6004||1|UN|115,02|0|0||5928||0|0|0|0|0|0|0||||||01|115,02|1,65|||1,9|01|115,02|7,6|||8,74|4.1.1.01.003|
|C170|52|6005||1|UN|116,26|0|0||5928||0|0|0|0|0|0|0||||||01|116,26|1,65|||1,92|01|116,26|7,6|||8,84|4.1.1.01.003|
|C100|1|0|63374710000100|55|00|1|2656|31251153614153000195550010000026561000053070|10112025|10112025|6196,67|0|0|0|6196,67|9|0|0|0|0|0|0|0|0|90,77|417,99|0|0|
|C170|1|6890||1|UN|116,26|0|0||5928||0|0|0|0|0|0|0||||||01|116,26|1,65|||1,92|01|116,26|7,6|||8,84|4.1.1.01.003|
|C170|2|11435||30|UN|87,6|0|0||5928||0|0|0|0|0|0|0||||||01|87,6|1,65|||1,45|01|87,6|7,6|||6,66|4.1.1.01.003|
|C170|3|10401||3|UN|391,98|0|0||5928||0|0|0|0|0|0|0||||||01|391,98|1,65|||6,47|01|391,98|7,6|||29,79|4.1.1.01.003|
|C170|4|8516||11|UN|360,36|0|0||5928||0|0|0|0|0|0|0||||||01|360,36|1,65|||5,95|01|360,36|7,6|||27,39|4.1.1.01.003|
|C170|5|10385||10|UN|182,7|0|0||5928||0|0|0|0|0|0|0||||||01|182,7|1,65|||3,01|01|182,7|7,6|||13,89|4.1.1.01.003|
|C170|6|10317||10|UN|249,2|0|0||5928||0|0|0|0|0|0|0||||||01|249,2|1,65|||4,11|01|249,2|7,6|||18,94|4.1.1.01.003|
|C170|7|7702||12|UN|57,48|0|0||5928||0|0|0|0|0|0|0||||||01|57,48|1,65|||0,95|01|57,48|7,6|||4,37|4.1.1.01.003|
|C170|8|7938||9|UN|96,57|0|0||5928||0|0|0|0|0|0|0||||||01|96,57|1,65|||1,59|01|96,57|7,6|||7,34|4.1.1.01.003|
|C170|9|10815||1|UN|33,18|0|0||5928||0|0|0|0|0|0|0||||||01|33,18|1,65|||0,55|01|33,18|7,6|||2,52|4.1.1.01.003|
|C170|10|11309||1|UN|77,49|0|0||5928||0|0|0|0|0|0|0||||||01|77,49|1,65|||1,28|01|77,49|7,6|||5,89|4.1.1.01.003|
|C170|11|11001||1|UN|19,83|0|0||5928||0|0|0|0|0|0|0||||||01|19,83|1,65|||0,33|01|19,83|7,6|||1,51|4.1.1.01.003|
|C170|12|10737||1|UN|59,29|0|0||5928||0|0|0|0|0|0|0||||||01|59,29|1,65|||0,98|01|59,29|7,6|||4,51|4.1.1.01.003|
|C170|13|10543||4|UN|85,96|0|0||5928||0|0|0|0|0|0|0||||||01|85,96|1,65|||1,42|01|85,96|7,6|||6,53|4.1.1.01.003|
|C170|14|3303||1|UN|206,82|0|0||5928||0|0|0|0|0|0|0||||||49|206,82|0|||0|49|206,82|0|||0|4.1.1.01.003|
|C170|15|9937||2|UN|13,6|0|0||5928||0|0|0|0|0|0|0||||||01|13,6|1,65|||0,22|01|13,6|7,6|||1,03|4.1.1.01.003|
|C170|16|9808||3650|UN|292|0|0||5928||0|0|0|0|0|0|0||||||01|292|1,65|||4,82|01|292|7,6|||22,19|4.1.1.01.003|
|C170|17|6842||2|UN|80,34|0|0||5928||0|0|0|0|0|0|0||||||01|80,34|1,65|||1,33|01|80,34|7,6|||6,11|4.1.1.01.003|
|C170|18|8914||1|UN|88,99|0|0||5928||0|0|0|0|0|0|0||||||01|88,99|1,65|||1,47|01|88,99|7,6|||6,76|4.1.1.01.003|
|C170|19|4969||1|UN|81,85|0|0||5928||0|0|0|0|0|0|0||||||01|81,85|1,65|||1,35|01|81,85|7,6|||6,22|4.1.1.01.003|
|C170|20|1084||14|UN|285,04|0|0||5928||0|0|0|0|0|0|0||||||49|285,04|0|||0|49|285,04|0|||0|4.1.1.01.003|
|C170|21|10932||1|UN|58,73|0|0||5928||0|0|0|0|0|0|0||||||01|58,73|1,65|||0,97|01|58,73|7,6|||4,46|4.1.1.01.003|
|C170|22|9950||20|UN|100|0|0||5928||0|0|0|0|0|0|0||||||01|100|1,65|||1,65|01|100|7,6|||7,6|4.1.1.01.003|
|C170|23|10872||3|UN|72,24|0|0||5928||0|0|0|0|0|0|0||||||01|72,24|1,65|||1,19|01|72,24|7,6|||5,49|4.1.1.01.003|
|C170|24|7851||3|UN|61,5|0|0||5928||0|0|0|0|0|0|0||||||01|61,5|1,65|||1,01|01|61,5|7,6|||4,67|4.1.1.01.003|
|C170|25|10339||12|UN|228,48|0|0||5928||0|0|0|0|0|0|0||||||01|228,48|1,65|||3,77|01|228,48|7,6|||17,36|4.1.1.01.003|
|C170|26|2692||3|UN|204,9|0|0||5928||0|0|0|0|0|0|0||||||49|204,9|0|||0|49|204,9|0|||0|4.1.1.01.003|
|C170|27|4357||19|UN|65,93|0|0||5928||0|0|0|0|0|0|0||||||01|65,93|1,65|||1,09|01|65,93|7,6|||5,01|4.1.1.01.003|
|C170|28|7191||2|UN|183,8|0|0||5928||0|0|0|0|0|0|0||||||01|183,8|1,65|||3,03|01|183,8|7,6|||13,97|4.1.1.01.003|
|C170|29|10912||1|UN|14,4|0|0||5928||0|0|0|0|0|0|0||||||01|14,4|1,65|||0,24|01|14,4|7,6|||1,09|4.1.1.01.003|
|C170|30|8034||1|UN|60|0|0||5928||0|0|0|0|0|0|0||||||01|60|1,65|||0,99|01|60|7,6|||4,56|4.1.1.01.003|
|C170|31|10069||1|UN|6,38|0|0||5928||0|0|0|0|0|0|0||||||01|6,38|1,65|||0,11|01|6,38|7,6|||0,48|4.1.1.01.003|
|C170|32|10540||1|UN|6,38|0|0||5928||0|0|0|0|0|0|0||||||01|6,38|1,65|||0,11|01|6,38|7,6|||0,48|4.1.1.01.003|
|C170|33|10486||27|UN|390,15|0|0||5928||0|0|0|0|0|0|0||||||01|390,15|1,65|||6,44|01|390,15|7,6|||29,65|4.1.1.01.003|
|C170|34|6356||2|UN|38,42|0|0||5928||0|0|0|0|0|0|0||||||01|38,42|1,65|||0,63|01|38,42|7,6|||2,92|4.1.1.01.003|
|C170|35|4515||19|UN|69,35|0|0||5928||0|0|0|0|0|0|0||||||01|69,35|1,65|||1,14|01|69,35|7,6|||5,27|4.1.1.01.003|
|C170|36|5940||23|UN|75,21|0|0||5928||0|0|0|0|0|0|0||||||01|75,21|1,65|||1,24|01|75,21|7,6|||5,72|4.1.1.01.003|
|C170|37|8506||7|UN|186,2|0|0||5928||0|0|0|0|0|0|0||||||01|186,2|1,65|||3,07|01|186,2|7,6|||14,15|4.1.1.01.003|
|C170|38|8488||1|UN|36|0|0||5928||0|0|0|0|0|0|0||||||01|36|1,65|||0,59|01|36|7,6|||2,74|4.1.1.01.003|
|C170|39|4905||10|UN|374,5|0|0||5928||0|0|0|0|0|0|0||||||01|374,5|1,65|||6,18|01|374,5|7,6|||28,46|4.1.1.01.003|
|C170|40|7351||1|UN|40,6|0|0||5928||0|0|0|0|0|0|0||||||01|40,6|1,65|||0,67|01|40,6|7,6|||3,09|4.1.1.01.003|
|C170|41|9186||5|UN|142,45|0|0||5928||0|0|0|0|0|0|0||||||01|142,45|1,65|||2,35|01|142,45|7,6|||10,83|4.1.1.01.003|
|C170|42|7736||6|UN|70,02|0|0||5928||0|0|0|0|0|0|0||||||01|70,02|1,65|||1,16|01|70,02|7,6|||5,32|4.1.1.01.003|
|C170|43|11343||3|UN|70,11|0|0||5928||0|0|0|0|0|0|0||||||01|70,11|1,65|||1,16|01|70,11|7,6|||5,33|4.1.1.01.003|
|C170|44|11407||23|UN|273,7|0|0||5928||0|0|0|0|0|0|0||||||01|273,7|1,65|||4,52|01|273,7|7,6|||20,8|4.1.1.01.003|
|C170|45|6511||8|UN|293,6|0|0||5928||0|0|0|0|0|0|0||||||01|293,6|1,65|||4,84|01|293,6|7,6|||22,31|4.1.1.01.003|
|C170|46|11157||9|UN|84,6|0|0||5928||0|0|0|0|0|0|0||||||01|84,6|1,65|||1,4|01|84,6|7,6|||6,43|4.1.1.01.003|
|C170|47|10167||2|UN|12|0|0||5928||0|0|0|0|0|0|0||||||01|12|1,65|||0,2|01|12|7,6|||0,91|4.1.1.01.003|
|C170|48|9967||8|UN|110,48|0|0||5928||0|0|0|0|0|0|0||||||01|110,48|1,65|||1,82|01|110,48|7,6|||8,4|4.1.1.01.003|
|C100|1|0|63374710000100|55|00|1|2657|31251153614153000195550010000026571000053085|10112025|10112025|6134,49|0|0|0|6134,49|9|0|0|0|0|0|0|0|0|65,61|302,27|0|0|
|C170|1|8167||58|UN|140,94|0|0||5928||0|0|0|0|0|0|0||||||01|140,94|1,65|||2,33|01|140,94|7,6|||10,71|4.1.1.01.003|
|C170|2|10594||6|UN|77,4|0|0||5928||0|0|0|0|0|0|0||||||01|77,4|1,65|||1,28|01|77,4|7,6|||5,88|4.1.1.01.003|
|C170|3|9709||7|UN|150,92|0|0||5928||0|0|0|0|0|0|0||||||01|150,92|1,65|||2,49|01|150,92|7,6|||11,47|4.1.1.01.003|
|C170|4|3590||36|UN|79,92|0|0||5928||0|0|0|0|0|0|0||||||49|79,92|0|||0|49|79,92|0|||0|4.1.1.01.003|
|C170|5|3591||90|UN|199,8|0|0||5928||0|0|0|0|0|0|0||||||49|199,8|0|||0|49|199,8|0|||0|4.1.1.01.003|
|C170|6|5825||1|UN|54,5|0|0||5928||0|0|0|0|0|0|0||||||01|54,5|1,65|||0,9|01|54,5|7,6|||4,14|4.1.1.01.003|
|C170|7|1803||7|PC|203,21|0|0||5928||0|0|0|0|0|0|0||||||49|203,21|0|||0|49|203,21|0|||0|4.1.1.01.003|
|C170|8|5491||32|UN|100,8|0|0||5928||0|0|0|0|0|0|0||||||01|100,8|1,65|||1,66|01|100,8|7,6|||7,66|4.1.1.01.003|
|C170|9|5492||40|UN|126|0|0||5928||0|0|0|0|0|0|0||||||01|126|1,65|||2,08|01|126|7,6|||9,58|4.1.1.01.003|
|C170|10|10584||3|UN|11,4|0|0||5928||0|0|0|0|0|0|0||||||01|11,4|1,65|||0,19|01|11,4|7,6|||0,87|4.1.1.01.003|
|C170|11|5489||47|UN|148,05|0|0||5928||0|0|0|0|0|0|0||||||01|148,05|1,65|||2,44|01|148,05|7,6|||11,25|4.1.1.01.003|
|C170|12|5490||34|UN|107,1|0|0||5928||0|0|0|0|0|0|0||||||01|107,1|1,65|||1,77|01|107,1|7,6|||8,14|4.1.1.01.003|
|C170|13|11137||2|UN|74,9|0|0||5928||0|0|0|0|0|0|0||||||01|74,9|1,65|||1,24|01|74,9|7,6|||5,69|4.1.1.01.003|
|C170|14|679||9|UN|84,6|0|0||5928||0|0|0|0|0|0|0||||||49|84,6|0|||0|49|84,6|0|||0|4.1.1.01.003|
|C170|15|10747||2|UN|57,94|0|0||5928||0|0|0|0|0|0|0||||||01|57,94|1,65|||0,96|01|57,94|7,6|||4,4|4.1.1.01.003|
|C170|16|11189||3|UN|34,2|0|0||5928||0|0|0|0|0|0|0||||||01|34,2|1,65|||0,56|01|34,2|7,6|||2,6|4.1.1.01.003|
|C170|17|10041||3|UN|23,07|0|0||5928||0|0|0|0|0|0|0||||||01|23,07|1,65|||0,38|01|23,07|7,6|||1,75|4.1.1.01.003|
|C170|18|10688||1|UN|29,9|0|0||5928||0|0|0|0|0|0|0||||||01|29,9|1,65|||0,49|01|29,9|7,6|||2,27|4.1.1.01.003|
|C170|19|10042||5|UN|48,05|0|0||5928||0|0|0|0|0|0|0||||||01|48,05|1,65|||0,79|01|48,05|7,6|||3,65|4.1.1.01.003|
|C170|20|10689||4|UN|39,12|0|0||5928||0|0|0|0|0|0|0||||||01|39,12|1,65|||0,65|01|39,12|7,6|||2,97|4.1.1.01.003|
|C170|21|10849||1|UN|13,08|0|0||5928||0|0|0|0|0|0|0||||||01|13,08|1,65|||0,22|01|13,08|7,6|||0,99|4.1.1.01.003|
|C170|22|4330||1|UN|13,08|0|0||5928||0|0|0|0|0|0|0||||||01|13,08|1,65|||0,22|01|13,08|7,6|||0,99|4.1.1.01.003|
|C170|23|858||1|PR|13,08|0|0||5928||0|0|0|0|0|0|0||||||49|13,08|0|||0|49|13,08|0|||0|4.1.1.01.003|
|C170|24|763||3|PR|39,24|0|0||5928||0|0|0|0|0|0|0||||||49|39,24|0|||0|49|39,24|0|||0|4.1.1.01.003|
|C170|25|11238||3|UN|35,37|0|0||5928||0|0|0|0|0|0|0||||||01|35,37|1,65|||0,58|01|35,37|7,6|||2,69|4.1.1.01.003|
|C170|26|11239||1|UN|38,05|0|0||5928||0|0|0|0|0|0|0||||||01|38,05|1,65|||0,63|01|38,05|7,6|||2,89|4.1.1.01.003|
|C170|27|495||60|UN|1371,6|0|0||5928||0|0|0|0|0|0|0||||||49|1371,6|0|||0|49|1371,6|0|||0|4.1.1.01.003|
|C170|28|6358||5|PC|57,35|0|0||5928||0|0|0|0|0|0|0||||||01|57,35|1,65|||0,95|01|57,35|7,6|||4,36|4.1.1.01.003|
|C170|29|11237||1|UN|16,53|0|0||5928||0|0|0|0|0|0|0||||||01|16,53|1,65|||0,27|01|16,53|7,6|||1,26|4.1.1.01.003|
|C170|30|6260||32|UN|649,92|0|0||5928||0|0|0|0|0|0|0||||||01|649,92|1,65|||10,72|01|649,92|7,6|||49,39|4.1.1.01.003|
|C170|31|6261||27|UN|431,73|0|0||5928||0|0|0|0|0|0|0||||||01|431,73|1,65|||7,12|01|431,73|7,6|||32,81|4.1.1.01.003|
|C170|32|10981||5|UN|115,9|0|0||5928||0|0|0|0|0|0|0||||||01|115,9|1,65|||1,91|01|115,9|7,6|||8,81|4.1.1.01.003|
|C170|33|8646||3|PAR|83,94|0|0||5928||0|0|0|0|0|0|0||||||01|83,94|1,65|||1,39|01|83,94|7,6|||6,38|4.1.1.01.003|
|C170|34|10408||4|UN|100,04|0|0||5928||0|0|0|0|0|0|0||||||01|100,04|1,65|||1,65|01|100,04|7,6|||7,6|4.1.1.01.003|
|C170|35|3624||4|UN|165,84|0|0||5928||0|0|0|0|0|0|0||||||49|165,84|0|||0|49|165,84|0|||0|4.1.1.01.003|
|C170|36|10519||1|UN|50|0|0||5928||0|0|0|0|0|0|0||||||01|50|1,65|||0,82|01|50|7,6|||3,8|4.1.1.01.003|
|C170|37|10494||1|UN|169,98|0|0||5928||0|0|0|0|0|0|0||||||01|169,98|1,65|||2,8|01|169,98|7,6|||12,92|4.1.1.01.003|
|C170|38|10496||1|UN|169,98|0|0||5928||0|0|0|0|0|0|0||||||01|169,98|1,65|||2,8|01|169,98|7,6|||12,92|4.1.1.01.003|
|C170|39|10499||1|UN|169,98|0|0||5928||0|0|0|0|0|0|0||||||01|169,98|1,65|||2,8|01|169,98|7,6|||12,92|4.1.1.01.003|
|C170|40|10500||2|UN|339,96|0|0||5928||0|0|0|0|0|0|0||||||01|339,96|1,65|||5,61|01|339,96|7,6|||25,84|4.1.1.01.003|
|C170|41|10501||1|UN|169,98|0|0||5928||0|0|0|0|0|0|0||||||01|169,98|1,65|||2,8|01|169,98|7,6|||12,92|4.1.1.01.003|
|C170|42|11308||2|UN|13,92|0|0||5928||0|0|0|0|0|0|0||||||01|13,92|1,65|||0,23|01|13,92|7,6|||1,06|4.1.1.01.003|
|C170|43|10999||2|UN|13,5|0|0||5928||0|0|0|0|0|0|0||||||01|13,5|1,65|||0,22|01|13,5|7,6|||1,03|4.1.1.01.003|
|C170|44|11180||2|UN|4,06|0|0||5928||0|0|0|0|0|0|0||||||01|4,06|1,65|||0,07|01|4,06|7,6|||0,31|4.1.1.01.003|
|C170|45|11436||12|UN|64,56|0|0||5928||0|0|0|0|0|0|0||||||01|64,56|1,65|||1,07|01|64,56|7,6|||4,91|4.1.1.01.003|
|C170|46|10906||1|UN|8|0|0||5928||0|0|0|0|0|0|0||||||01|8|1,65|||0,13|01|8|7,6|||0,61|4.1.1.01.003|
|C170|47|10907||1|UN|8|0|0||5928||0|0|0|0|0|0|0||||||01|8|1,65|||0,13|01|8|7,6|||0,61|4.1.1.01.003|
|C170|48|10908||1|UN|8|0|0||5928||0|0|0|0|0|0|0||||||01|8|1,65|||0,13|01|8|7,6|||0,61|4.1.1.01.003|
|C170|49|10909||1|UN|8|0|0||5928||0|0|0|0|0|0|0||||||01|8|1,65|||0,13|01|8|7,6|||0,61|4.1.1.01.003|
|C100|1|0|63374710000100|55|00|1|2658|31251153614153000195550010000026581000053090|10112025|10112025|1603,64|0|0|0|1603,64|9|0|0|0|0|0|0|0|0|26,46|121,86|0|0|
|C170|1|9238||2|CX|21,7|0|0||5928||0|0|0|0|0|0|0||||||01|21,7|1,65|||0,36|01|21,7|7,6|||1,65|4.1.1.01.003|
|C170|2|10522||2|UN|11,62|0|0||5928||0|0|0|0|0|0|0||||||01|11,62|1,65|||0,19|01|11,62|7,6|||0,88|4.1.1.01.003|
|C170|3|10523||5|UN|29,05|0|0||5928||0|0|0|0|0|0|0||||||01|29,05|1,65|||0,48|01|29,05|7,6|||2,21|4.1.1.01.003|
|C170|4|10535||1|UN|5,75|0|0||5928||0|0|0|0|0|0|0||||||01|5,75|1,65|||0,09|01|5,75|7,6|||0,44|4.1.1.01.003|
|C170|5|10347||6|UN|29,58|0|0||5928||0|0|0|0|0|0|0||||||01|29,58|1,65|||0,49|01|29,58|7,6|||2,25|4.1.1.01.003|
|C170|6|10665||15|UN|84,9|0|0||5928||0|0|0|0|0|0|0||||||01|84,9|1,65|||1,4|01|84,9|7,6|||6,45|4.1.1.01.003|
|C170|7|11446||2|UN|18,28|0|0||5928||0|0|0|0|0|0|0||||||01|18,28|1,65|||0,3|01|18,28|7,6|||1,39|4.1.1.01.003|
|C170|8|11445||2|UN|18,28|0|0||5928||0|0|0|0|0|0|0||||||01|18,28|1,65|||0,3|01|18,28|7,6|||1,39|4.1.1.01.003|
|C170|9|11443||2|UN|18,28|0|0||5928||0|0|0|0|0|0|0||||||01|18,28|1,65|||0,3|01|18,28|7,6|||1,39|4.1.1.01.003|
|C170|10|11444||2|UN|18,28|0|0||5928||0|0|0|0|0|0|0||||||01|18,28|1,65|||0,3|01|18,28|7,6|||1,39|4.1.1.01.003|
|C170|11|11442||2|UN|18,28|0|0||5928||0|0|0|0|0|0|0||||||01|18,28|1,65|||0,3|01|18,28|7,6|||1,39|4.1.1.01.003|
|C170|12|10045||3|UN|61,89|0|0||5928||0|0|0|0|0|0|0||||||01|61,89|1,65|||1,02|01|61,89|7,6|||4,7|4.1.1.01.003|
|C170|13|9793||13|UN|73,45|0|0||5928||0|0|0|0|0|0|0||||||01|73,45|1,65|||1,21|01|73,45|7,6|||5,58|4.1.1.01.003|
|C170|14|5115||9|UN|50,85|0|0||5928||0|0|0|0|0|0|0||||||01|50,85|1,65|||0,84|01|50,85|7,6|||3,86|4.1.1.01.003|
|C170|15|11448||2|UN|23,32|0|0||5928||0|0|0|0|0|0|0||||||01|23,32|1,65|||0,38|01|23,32|7,6|||1,77|4.1.1.01.003|
|C170|16|10534||1|UN|5,17|0|0||5928||0|0|0|0|0|0|0||||||01|5,17|1,65|||0,09|01|5,17|7,6|||0,39|4.1.1.01.003|
|C170|17|9757||8|UN|42|0|0||5928||0|0|0|0|0|0|0||||||01|42|1,65|||0,69|01|42|7,6|||3,19|4.1.1.01.003|
|C170|18|9758||15|UN|133,95|0|0||5928||0|0|0|0|0|0|0||||||01|133,95|1,65|||2,21|01|133,95|7,6|||10,18|4.1.1.01.003|
|C170|19|9760||12|UN|72|0|0||5928||0|0|0|0|0|0|0||||||01|72|1,65|||1,19|01|72|7,6|||5,47|4.1.1.01.003|
|C170|20|9761||5|UN|28,3|0|0||5928||0|0|0|0|0|0|0||||||01|28,3|1,65|||0,47|01|28,3|7,6|||2,15|4.1.1.01.003|
|C170|21|9762||5|UN|28,25|0|0||5928||0|0|0|0|0|0|0||||||01|28,25|1,65|||0,47|01|28,25|7,6|||2,15|4.1.1.01.003|
|C170|22|9764||4|UN|22,6|0|0||5928||0|0|0|0|0|0|0||||||01|22,6|1,65|||0,37|01|22,6|7,6|||1,72|4.1.1.01.003|
|C170|23|9765||13|UN|78|0|0||5928||0|0|0|0|0|0|0||||||01|78|1,65|||1,29|01|78|7,6|||5,93|4.1.1.01.003|
|C170|24|9766||6|UN|36,48|0|0||5928||0|0|0|0|0|0|0||||||01|36,48|1,65|||0,6|01|36,48|7,6|||2,77|4.1.1.01.003|
|C170|25|9767||11|UN|66|0|0||5928||0|0|0|0|0|0|0||||||01|66|1,65|||1,09|01|66|7,6|||5,02|4.1.1.01.003|
|C170|26|9768||17|UN|102|0|0||5928||0|0|0|0|0|0|0||||||01|102|1,65|||1,68|01|102|7,6|||7,75|4.1.1.01.003|
|C170|27|9769||9|UN|50,85|0|0||5928||0|0|0|0|0|0|0||||||01|50,85|1,65|||0,84|01|50,85|7,6|||3,86|4.1.1.01.003|
|C170|28|9770||4|UN|34,04|0|0||5928||0|0|0|0|0|0|0||||||01|34,04|1,65|||0,56|01|34,04|7,6|||2,59|4.1.1.01.003|
|C170|29|9771||3|UN|24,15|0|0||5928||0|0|0|0|0|0|0||||||01|24,15|1,65|||0,4|01|24,15|7,6|||1,84|4.1.1.01.003|
|C170|30|9773||2|UN|8,26|0|0||5928||0|0|0|0|0|0|0||||||01|8,26|1,65|||0,14|01|8,26|7,6|||0,63|4.1.1.01.003|
|C170|31|9775||1|UN|3,67|0|0||5928||0|0|0|0|0|0|0||||||01|3,67|1,65|||0,06|01|3,67|7,6|||0,28|4.1.1.01.003|
|C170|32|9777||9|UN|38,52|0|0||5928||0|0|0|0|0|0|0||||||01|38,52|1,65|||0,64|01|38,52|7,6|||2,93|4.1.1.01.003|
|C170|33|9779||7|UN|58,8|0|0||5928||0|0|0|0|0|0|0||||||01|58,8|1,65|||0,97|01|58,8|7,6|||4,47|4.1.1.01.003|
|C170|34|9781||3|UN|38,88|0|0||5928||0|0|0|0|0|0|0||||||01|38,88|1,65|||0,64|01|38,88|7,6|||2,95|4.1.1.01.003|
|C170|35|9784||1|UN|11,14|0|0||5928||0|0|0|0|0|0|0||||||01|11,14|1,65|||0,18|01|11,14|7,6|||0,85|4.1.1.01.003|
|C170|36|9785||1|UN|12,96|0|0||5928||0|0|0|0|0|0|0||||||01|12,96|1,65|||0,21|01|12,96|7,6|||0,98|4.1.1.01.003|
|C170|37|9786||2|UN|51,84|0|0||5928||0|0|0|0|0|0|0||||||01|51,84|1,65|||0,86|01|51,84|7,6|||3,94|4.1.1.01.003|
|C170|38|11190||5|UN|28,5|0|0||5928||0|0|0|0|0|0|0||||||01|28,5|1,65|||0,47|01|28,5|7,6|||2,17|4.1.1.01.003|
|C170|39|11457||2|UN|12,02|0|0||5928||0|0|0|0|0|0|0||||||01|12,02|1,65|||0,2|01|12,02|7,6|||0,91|4.1.1.01.003|
|C170|40|9759||1|UN|4,86|0|0||5928||0|0|0|0|0|0|0||||||01|4,86|1,65|||0,08|01|4,86|7,6|||0,37|4.1.1.01.003|
|C170|41|11450||1|UN|4,13|0|0||5928||0|0|0|0|0|0|0||||||01|4,13|1,65|||0,07|01|4,13|7,6|||0,31|4.1.1.01.003|
|C170|42|11453||2|UN|8,26|0|0||5928||0|0|0|0|0|0|0||||||01|8,26|1,65|||0,14|01|8,26|7,6|||0,63|4.1.1.01.003|
|C170|43|11452||2|UN|8,26|0|0||5928||0|0|0|0|0|0|0||||||01|8,26|1,65|||0,14|01|8,26|7,6|||0,63|4.1.1.01.003|
|C170|44|11454||2|UN|17,02|0|0||5928||0|0|0|0|0|0|0||||||01|17,02|1,65|||0,28|01|17,02|7,6|||1,29|4.1.1.01.003|
|C170|45|11192||2|UN|21,7|0|0||5928||0|0|0|0|0|0|0||||||01|21,7|1,65|||0,36|01|21,7|7,6|||1,65|4.1.1.01.003|
|C170|46|11193||2|UN|10,16|0|0||5928||0|0|0|0|0|0|0||||||01|10,16|1,65|||0,17|01|10,16|7,6|||0,77|4.1.1.01.003|
|C170|47|11456||2|UN|23,32|0|0||5928||0|0|0|0|0|0|0||||||01|23,32|1,65|||0,38|01|23,32|7,6|||1,77|4.1.1.01.003|
|C170|48|11451||2|UN|17,02|0|0||5928||0|0|0|0|0|0|0||||||01|17,02|1,65|||0,28|01|17,02|7,6|||1,29|4.1.1.01.003|
|C170|49|11455||2|UN|17,02|0|0||5928||0|0|0|0|0|0|0||||||01|17,02|1,65|||0,28|01|17,02|7,6|||1,29|4.1.1.01.003|
|C100|1|0|63374710000100|55|00|1|2659|31251153614153000195550010000026591000053101|10112025|10112025|7360,91|0|0|0|7360,91|9|0|0|0|0|0|0|0|0|107,96|497,41|0|0|
|C170|1|11449||10|UN|85,1|0|0||5928||0|0|0|0|0|0|0||||||01|85,1|1,65|||1,4|01|85,1|7,6|||6,47|4.1.1.01.003|
|C170|2|9789||4|UN|25,92|0|0||5928||0|0|0|0|0|0|0||||||01|25,92|1,65|||0,43|01|25,92|7,6|||1,97|4.1.1.01.003|
|C170|3|9790||9|UN|71,37|0|0||5928||0|0|0|0|0|0|0||||||01|71,37|1,65|||1,18|01|71,37|7,6|||5,42|4.1.1.01.003|
|C170|4|9791||5|UN|37,25|0|0||5928||0|0|0|0|0|0|0||||||01|37,25|1,65|||0,61|01|37,25|7,6|||2,83|4.1.1.01.003|
|C170|5|9792||1|UN|11,73|0|0||5928||0|0|0|0|0|0|0||||||01|11,73|1,65|||0,19|01|11,73|7,6|||0,89|4.1.1.01.003|
|C170|6|9971||5|UN|64,25|0|0||5928||0|0|0|0|0|0|0||||||01|64,25|1,65|||1,06|01|64,25|7,6|||4,88|4.1.1.01.003|
|C170|7|9798||5|UN|55,1|0|0||5928||0|0|0|0|0|0|0||||||01|55,1|1,65|||0,91|01|55,1|7,6|||4,19|4.1.1.01.003|
|C170|8|7558||5|UN|48,9|0|0||5928||0|0|0|0|0|0|0||||||01|48,9|1,65|||0,81|01|48,9|7,6|||3,72|4.1.1.01.003|
|C170|9|7557||7|UN|67,27|0|0||5928||0|0|0|0|0|0|0||||||01|67,27|1,65|||1,11|01|67,27|7,6|||5,11|4.1.1.01.003|
|C170|10|6081||1|UN|9,61|0|0||5928||0|0|0|0|0|0|0||||||01|9,61|1,65|||0,16|01|9,61|7,6|||0,73|4.1.1.01.003|
|C170|11|8109||10|UN|51,1|0|0||5928||0|0|0|0|0|0|0||||||01|51,1|1,65|||0,84|01|51,1|7,6|||3,88|4.1.1.01.003|
|C170|12|10348||10|UN|48|0|0||5928||0|0|0|0|0|0|0||||||01|48|1,65|||0,79|01|48|7,6|||3,65|4.1.1.01.003|
|C170|13|10349||10|UN|48|0|0||5928||0|0|0|0|0|0|0||||||01|48|1,65|||0,79|01|48|7,6|||3,65|4.1.1.01.003|
|C170|14|10758||1|UN|14,66|0|0||5928||0|0|0|0|0|0|0||||||01|14,66|1,65|||0,24|01|14,66|7,6|||1,11|4.1.1.01.003|
|C170|15|6540||1|UN|40,84|0|0||5928||0|0|0|0|0|0|0||||||01|40,84|1,65|||0,67|01|40,84|7,6|||3,1|4.1.1.01.003|
|C170|16|2317||4|UN|43,2|0|0||5928||0|0|0|0|0|0|0||||||49|43,2|0|||0|49|43,2|0|||0|4.1.1.01.003|
|C170|17|9916||2|UN|30|0|0||5928||0|0|0|0|0|0|0||||||01|30|1,65|||0,49|01|30|7,6|||2,28|4.1.1.01.003|
|C170|18|10180||1|UN|11,71|0|0||5928||0|0|0|0|0|0|0||||||01|11,71|1,65|||0,19|01|11,71|7,6|||0,89|4.1.1.01.003|
|C170|19|9970||5|UN|75,6|0|0||5928||0|0|0|0|0|0|0||||||01|75,6|1,65|||1,25|01|75,6|7,6|||5,75|4.1.1.01.003|
|C170|20|10182||3|UN|33,42|0|0||5928||0|0|0|0|0|0|0||||||01|33,42|1,65|||0,55|01|33,42|7,6|||2,54|4.1.1.01.003|
|C170|21|10181||4|UN|44,56|0|0||5928||0|0|0|0|0|0|0||||||01|44,56|1,65|||0,74|01|44,56|7,6|||3,39|4.1.1.01.003|
|C170|22|5802||5|PC|71,5|0|0||5928||0|0|0|0|0|0|0||||||01|71,5|1,65|||1,18|01|71,5|7,6|||5,43|4.1.1.01.003|
|C170|23|11349||2|UN|40,08|0|0||5928||0|0|0|0|0|0|0||||||01|40,08|1,65|||0,66|01|40,08|7,6|||3,05|4.1.1.01.003|
|C170|24|10707||700|UN|56|0|0||5928||0|0|0|0|0|0|0||||||01|56|1,65|||0,92|01|56|7,6|||4,26|4.1.1.01.003|
|C170|25|9725||1025|UN|1117,25|0|0||5928||0|0|0|0|0|0|0||||||01|1117,25|1,65|||18,43|01|1117,25|7,6|||84,91|4.1.1.01.003|
|C170|26|9595||29|UN|687,88|0|0||5928||0|0|0|0|0|0|0||||||01|687,88|1,65|||11,35|01|687,88|7,6|||52,28|4.1.1.01.003|
|C170|27|7397||28|UN|412,72|0|0||5928||0|0|0|0|0|0|0||||||01|412,72|1,65|||6,81|01|412,72|7,6|||31,37|4.1.1.01.003|
|C170|28|10088||8|UN|319,92|0|0||5928||0|0|0|0|0|0|0||||||01|319,92|1,65|||5,28|01|319,92|7,6|||24,31|4.1.1.01.003|
|C170|29|11247||369|UN|542,43|0|0||5928||0|0|0|0|0|0|0||||||01|542,43|1,65|||8,95|01|542,43|7,6|||41,22|4.1.1.01.003|
|C170|30|1807||2|PC|151,6|0|0||5928||0|0|0|0|0|0|0||||||49|151,6|0|||0|49|151,6|0|||0|4.1.1.01.003|
|C170|31|4211||68|PR|248,2|0|0||5928||0|0|0|0|0|0|0||||||01|248,2|1,65|||4,1|01|248,2|7,6|||18,86|4.1.1.01.003|
|C170|32|6703||900|UN|153|0|0||5928||0|0|0|0|0|0|0||||||01|153|1,65|||2,52|01|153|7,6|||11,63|4.1.1.01.003|
|C170|33|10787||4|UN|97,08|0|0||5928||0|0|0|0|0|0|0||||||01|97,08|1,65|||1,6|01|97,08|7,6|||7,38|4.1.1.01.003|
|C170|34|8552||4|UN|197,56|0|0||5928||0|0|0|0|0|0|0||||||01|197,56|1,65|||3,26|01|197,56|7,6|||15,01|4.1.1.01.003|
|C170|35|9899||8|UN|190,08|0|0||5928||0|0|0|0|0|0|0||||||01|190,08|1,65|||3,14|01|190,08|7,6|||14,45|4.1.1.01.003|
|C170|36|9596||10|UN|498,1|0|0||5928||0|0|0|0|0|0|0||||||01|498,1|1,65|||8,22|01|498,1|7,6|||37,86|4.1.1.01.003|
|C170|37|694||5|UN|244,15|0|0||5928||0|0|0|0|0|0|0||||||49|244,15|0|||0|49|244,15|0|||0|4.1.1.01.003|
|C170|38|2708||620|UN|310|0|0||5928||0|0|0|0|0|0|0||||||49|310|0|||0|49|310|0|||0|4.1.1.01.003|
|C170|39|9951||25|UN|354|0|0||5928||0|0|0|0|0|0|0||||||01|354|1,65|||5,84|01|354|7,6|||26,9|4.1.1.01.003|
|C170|40|9658||21|UN|435,33|0|0||5928||0|0|0|0|0|0|0||||||01|435,33|1,65|||7,18|01|435,33|7,6|||33,09|4.1.1.01.003|
|C170|41|10750||2|UN|38,94|0|0||5928||0|0|0|0|0|0|0||||||01|38,94|1,65|||0,64|01|38,94|7,6|||2,96|4.1.1.01.003|
|C170|42|9902||2|UN|11,3|0|0||5928||0|0|0|0|0|0|0||||||01|11,3|1,65|||0,19|01|11,3|7,6|||0,86|4.1.1.01.003|
|C170|43|9914||7|UN|39,55|0|0||5928||0|0|0|0|0|0|0||||||01|39,55|1,65|||0,65|01|39,55|7,6|||3,01|4.1.1.01.003|
|C170|44|1479||8|UN|42|0|0||5928||0|0|0|0|0|0|0||||||49|42|0|||0|49|42|0|||0|4.1.1.01.003|
|C170|45|1472||3|UN|25,2|0|0||5928||0|0|0|0|0|0|0||||||49|25,2|0|||0|49|25,2|0|||0|4.1.1.01.003|
|C170|46|10179||8|UN|48|0|0||5928||0|0|0|0|0|0|0||||||01|48|1,65|||0,79|01|48|7,6|||3,65|4.1.1.01.003|
|C170|47|10176||9|UN|82,53|0|0||5928||0|0|0|0|0|0|0||||||01|82,53|1,65|||1,36|01|82,53|7,6|||6,27|4.1.1.01.003|
|C170|48|10177||3|UN|28,92|0|0||5928||0|0|0|0|0|0|0||||||01|28,92|1,65|||0,48|01|28,92|7,6|||2,2|4.1.1.01.003|
|C100|1|0|63374710000100|55|00|1|2660|31251153614153000195550010000026601000053110|10112025|10112025|12788,24|0|0|0|12788,24|9|0|0|0|0|0|0|0|0|209,11|963,03|0|0|
|C170|1|9911||3|UN|12,75|0|0||5928||0|0|0|0|0|0|0||||||01|12,75|1,65|||0,21|01|12,75|7,6|||0,97|4.1.1.01.003|
|C170|2|10044||2|UN|8,26|0|0||5928||0|0|0|0|0|0|0||||||01|8,26|1,65|||0,14|01|8,26|7,6|||0,63|4.1.1.01.003|
|C170|3|9903||5|UN|28,3|0|0||5928||0|0|0|0|0|0|0||||||01|28,3|1,65|||0,47|01|28,3|7,6|||2,15|4.1.1.01.003|
|C170|4|7090||2|UN|16,8|0|0||5928||0|0|0|0|0|0|0||||||01|16,8|1,65|||0,28|01|16,8|7,6|||1,28|4.1.1.01.003|
|C170|5|9904||4|UN|17|0|0||5928||0|0|0|0|0|0|0||||||01|17|1,65|||0,28|01|17|7,6|||1,29|4.1.1.01.003|
|C170|6|4779||3|UN|12,75|0|0||5928||0|0|0|0|0|0|0||||||01|12,75|1,65|||0,21|01|12,75|7,6|||0,97|4.1.1.01.003|
|C170|7|7541||4|UN|22,64|0|0||5928||0|0|0|0|0|0|0||||||01|22,64|1,65|||0,37|01|22,64|7,6|||1,72|4.1.1.01.003|
|C170|8|1782||1|UN|3,84|0|0||5928||0|0|0|0|0|0|0||||||49|3,84|0|||0|49|3,84|0|||0|4.1.1.01.003|
|C170|9|9906||5|UN|30,25|0|0||5928||0|0|0|0|0|0|0||||||01|30,25|1,65|||0,5|01|30,25|7,6|||2,3|4.1.1.01.003|
|C170|10|1475||3|UN|25,2|0|0||5928||0|0|0|0|0|0|0||||||49|25,2|0|||0|49|25,2|0|||0|4.1.1.01.003|
|C170|11|6850||2|UN|11,3|0|0||5928||0|0|0|0|0|0|0||||||01|11,3|1,65|||0,19|01|11,3|7,6|||0,86|4.1.1.01.003|
|C170|12|1454||8|UN|48|0|0||5928||0|0|0|0|0|0|0||||||49|48|0|||0|49|48|0|||0|4.1.1.01.003|
|C170|13|10178||3|UN|84,24|0|0||5928||0|0|0|0|0|0|0||||||01|84,24|1,65|||1,39|01|84,24|7,6|||6,4|4.1.1.01.003|
|C170|14|10926||4|UN|95,52|0|0||5928||0|0|0|0|0|0|0||||||01|95,52|1,65|||1,58|01|95,52|7,6|||7,26|4.1.1.01.003|
|C170|15|10887||2|UN|59,28|0|0||5928||0|0|0|0|0|0|0||||||01|59,28|1,65|||0,98|01|59,28|7,6|||4,51|4.1.1.01.003|
|C170|16|11187||2|UN|22,8|0|0||5928||0|0|0|0|0|0|0||||||01|22,8|1,65|||0,38|01|22,8|7,6|||1,73|4.1.1.01.003|
|C170|17|10647||23|UN|539,81|0|0||5928||0|0|0|0|0|0|0||||||01|539,81|1,65|||8,91|01|539,81|7,6|||41,03|4.1.1.01.003|
|C170|18|11098||5|UN|98,3|0|0||5928||0|0|0|0|0|0|0||||||01|98,3|1,65|||1,62|01|98,3|7,6|||7,47|4.1.1.01.003|
|C170|19|11348||10|UN|384,1|0|0||5928||0|0|0|0|0|0|0||||||01|384,1|1,65|||6,34|01|384,1|7,6|||29,19|4.1.1.01.003|
|C170|20|4990||1|UN|339,48|0|0||5928||0|0|0|0|0|0|0||||||01|339,48|1,65|||5,6|01|339,48|7,6|||25,8|4.1.1.01.003|
|C170|21|6966||690|UN|614,1|0|0||5928||0|0|0|0|0|0|0||||||01|614,1|1,65|||10,13|01|614,1|7,6|||46,67|4.1.1.01.003|
|C170|22|6697||30|UN|60|0|0||5928||0|0|0|0|0|0|0||||||01|60|1,65|||0,99|01|60|7,6|||4,56|4.1.1.01.003|
|C170|23|8487||45|UN|222,3|0|0||5928||0|0|0|0|0|0|0||||||01|222,3|1,65|||3,67|01|222,3|7,6|||16,89|4.1.1.01.003|
|C170|24|6967||47|UN|52,64|0|0||5928||0|0|0|0|0|0|0||||||01|52,64|1,65|||0,87|01|52,64|7,6|||4|4.1.1.01.003|
|C170|25|6207||11|UN|306,24|0|0||5928||0|0|0|0|0|0|0||||||01|306,24|1,65|||5,05|01|306,24|7,6|||23,27|4.1.1.01.003|
|C170|26|5204||3|UN|120,54|0|0||5928||0|0|0|0|0|0|0||||||01|120,54|1,65|||1,99|01|120,54|7,6|||9,16|4.1.1.01.003|
|C170|27|4206||1|UN|130,3|0|0||5928||0|0|0|0|0|0|0||||||01|130,3|1,65|||2,15|01|130,3|7,6|||9,9|4.1.1.01.003|
|C170|28|497||4|PC|39,6|0|0||5928||0|0|0|0|0|0|0||||||49|39,6|0|||0|49|39,6|0|||0|4.1.1.01.003|
|C170|29|10107||4|UN|171,28|0|0||5928||0|0|0|0|0|0|0||||||01|171,28|1,65|||2,83|01|171,28|7,6|||13,02|4.1.1.01.003|
|C170|30|10108||3|UN|156,36|0|0||5928||0|0|0|0|0|0|0||||||01|156,36|1,65|||2,58|01|156,36|7,6|||11,88|4.1.1.01.003|
|C170|31|11179||2|UN|6,32|0|0||5928||0|0|0|0|0|0|0||||||01|6,32|1,65|||0,1|01|6,32|7,6|||0,48|4.1.1.01.003|
|C170|32|11178||2|UN|28,24|0|0||5928||0|0|0|0|0|0|0||||||01|28,24|1,65|||0,47|01|28,24|7,6|||2,15|4.1.1.01.003|
|C170|33|5767||16|UN|150,4|0|0||5928||0|0|0|0|0|0|0||||||01|150,4|1,65|||2,48|01|150,4|7,6|||11,43|4.1.1.01.003|
|C170|34|10648||1|UN|130,55|0|0||5928||0|0|0|0|0|0|0||||||01|130,55|1,65|||2,15|01|130,55|7,6|||9,92|4.1.1.01.003|
|C170|35|10065||12|UN|409,44|0|0||5928||0|0|0|0|0|0|0||||||01|409,44|1,65|||6,76|01|409,44|7,6|||31,12|4.1.1.01.003|
|C170|36|11258||1|UN|78,71|0|0||5928||0|0|0|0|0|0|0||||||01|78,71|1,65|||1,3|01|78,71|7,6|||5,98|4.1.1.01.003|
|C170|37|11259||1|UN|60|0|0||5928||0|0|0|0|0|0|0||||||01|60|1,65|||0,99|01|60|7,6|||4,56|4.1.1.01.003|
|C170|38|11282||1|UN|60|0|0||5928||0|0|0|0|0|0|0||||||01|60|1,65|||0,99|01|60|7,6|||4,56|4.1.1.01.003|
|C170|39|11458||1|UN|165,46|0|0||5928||0|0|0|0|0|0|0||||||01|165,46|1,65|||2,73|01|165,46|7,6|||12,57|4.1.1.01.003|
|C170|40|9815||3|UN|187,02|0|0||5928||0|0|0|0|0|0|0||||||01|187,02|1,65|||3,09|01|187,02|7,6|||14,21|4.1.1.01.003|
|C170|41|9816||2|UN|114,44|0|0||5928||0|0|0|0|0|0|0||||||01|114,44|1,65|||1,89|01|114,44|7,6|||8,7|4.1.1.01.003|
|C170|42|9803||2|PAR|114,44|0|0||5928||0|0|0|0|0|0|0||||||01|114,44|1,65|||1,89|01|114,44|7,6|||8,7|4.1.1.01.003|
|C170|43|9818||2|UN|122,9|0|0||5928||0|0|0|0|0|0|0||||||01|122,9|1,65|||2,03|01|122,9|7,6|||9,34|4.1.1.01.003|
|C170|44|9819||2|UN|122,9|0|0||5928||0|0|0|0|0|0|0||||||01|122,9|1,65|||2,03|01|122,9|7,6|||9,34|4.1.1.01.003|
|C170|45|9819||2|UN|122,9|0|0||5928||0|0|0|0|0|0|0||||||01|122,9|1,65|||2,03|01|122,9|7,6|||9,34|4.1.1.01.003|
|C170|46|9820||3|UN|184,35|0|0||5928||0|0|0|0|0|0|0||||||01|184,35|1,65|||3,04|01|184,35|7,6|||14,01|4.1.1.01.003|
|C170|47|9821||61,45|UN|6759,5|0|0||5928||0|0|0|0|0|0|0||||||01|6759,5|1,65|||111,53|01|6759,5|7,6|||513,72|4.1.1.01.003|
|C170|48|9809||2|UN|118,02|0|0||5928||0|0|0|0|0|0|0||||||01|118,02|1,65|||1,95|01|118,02|7,6|||8,97|4.1.1.01.003|
|C170|49|9810||1|UN|57,22|0|0||5928||0|0|0|0|0|0|0||||||01|57,22|1,65|||0,94|01|57,22|7,6|||4,35|4.1.1.01.003|
|C170|50|9811||1|UN|61,45|0|0||5928||0|0|0|0|0|0|0||||||01|61,45|1,65|||1,01|01|61,45|7,6|||4,67|4.1.1.01.003|
|C100|1|0|63374710000100|55|00|1|2661|31251153614153000195550010000026611000053126|10112025|10112025|11891,7|0|3|0|11894,7|9|0|0|0|0|0|0|0|0|177,01|815,48|0|0|
|C170|1|9812||1|UN|57,22|0|0||5928||0|0|0|0|0|0|0||||||01|57,22|1,65|||0,94|01|57,22|7,6|||4,35|4.1.1.01.003|
|C170|2|9645||1|PAR|59,01|0|0||5928||0|0|0|0|0|0|0||||||01|59,01|1,65|||0,97|01|59,01|7,6|||4,48|4.1.1.01.003|
|C170|3|9646||3|PAR|177,03|0|0||5928||0|0|0|0|0|0|0||||||01|177,03|1,65|||2,92|01|177,03|7,6|||13,45|4.1.1.01.003|
|C170|4|9641||3|PAR|184,35|0|0||5928||0|0|0|0|0|0|0||||||01|184,35|1,65|||3,04|01|184,35|7,6|||14,01|4.1.1.01.003|
|C170|5|9642||1|PAR|61,45|0|0||5928||0|0|0|0|0|0|0||||||01|61,45|1,65|||1,01|01|61,45|7,6|||4,67|4.1.1.01.003|
|C170|6|9643||2|PAR|118,02|0|0||5928||0|0|0|0|0|0|0||||||01|118,02|1,65|||1,95|01|118,02|7,6|||8,97|4.1.1.01.003|
|C170|7|9644||1|PAR|63,25|0|0||5928||0|0|0|0|0|0|0||||||01|63,25|1,65|||1,04|01|63,25|7,6|||4,81|4.1.1.01.003|
|C170|8|9813||2|UN|115,66|0|0||5928||0|0|0|0|0|0|0||||||01|115,66|1,65|||1,91|01|115,66|7,6|||8,79|4.1.1.01.003|
|C170|9|9814||1|UN|57,22|0|0||5928||0|0|0|0|0|0|0||||||01|57,22|1,65|||0,94|01|57,22|7,6|||4,35|4.1.1.01.003|
|C170|10|10227||8|UN|393,76|0|0||5928||0|0|0|0|0|0|0||||||01|393,76|1,65|||6,5|01|393,76|7,6|||29,93|4.1.1.01.003|
|C170|11|10220||4|UN|187,04|0|0||5928||0|0|0|0|0|0|0||||||01|187,04|1,65|||3,09|01|187,04|7,6|||14,22|4.1.1.01.003|
|C170|12|10221||9|UN|420,84|0|0||5928||0|0|0|0|0|0|0||||||01|420,84|1,65|||6,94|01|420,84|7,6|||31,98|4.1.1.01.003|
|C170|13|10222||10|UN|500,3|0|0||5928||0|0|0|0|0|0|0||||||01|500,3|1,65|||8,25|01|500,3|7,6|||38,02|4.1.1.01.003|
|C170|14|10223||8|UN|400,24|0|0||5928||0|0|0|0|0|0|0||||||01|400,24|1,65|||6,6|01|400,24|7,6|||30,42|4.1.1.01.003|
|C170|15|10224||3|UN|140,28|0|0||5928||0|0|0|0|0|0|0||||||01|140,28|1,65|||2,31|01|140,28|7,6|||10,66|4.1.1.01.003|
|C170|16|10225||7|UN|350,21|0|0||5928||0|0|0|0|0|0|0||||||01|350,21|1,65|||5,78|01|350,21|7,6|||26,62|4.1.1.01.003|
|C170|17|10226||9|UN|450,27|0|0||5928||0|0|0|0|0|0|0||||||01|450,27|1,65|||7,43|01|450,27|7,6|||34,22|4.1.1.01.003|
|C170|18|10228||2|UN|93,52|0|0||5928||0|0|0|0|0|0|0||||||01|93,52|1,65|||1,54|01|93,52|7,6|||7,11|4.1.1.01.003|
|C170|19|10866||5|UN|233,8|0|0||5928||0|0|0|0|0|0|0||||||01|233,8|1,65|||3,86|01|233,8|7,6|||17,77|4.1.1.01.003|
|C170|20|10749||1|UN|33,87|0|0||5928||0|0|0|0|0|0|0||||||01|33,87|1,65|||0,56|01|33,87|7,6|||2,57|4.1.1.01.003|
|C170|21|10748||1|UN|26,75|0|0||5928||0|0|0|0|0|0|0||||||01|26,75|1,65|||0,44|01|26,75|7,6|||2,03|4.1.1.01.003|
|C170|22|10350||1|UN|41,1|0|0||5928||0|0|0|0|0|0|0||||||01|41,1|1,65|||0,68|01|41,1|7,6|||3,12|4.1.1.01.003|
|C170|23|11280||5|UN|397,25|0|0||5928||0|0|0|0|0|0|0||||||01|397,25|1,65|||6,55|01|397,25|7,6|||30,19|4.1.1.01.003|
|C170|24|6221||3|UN|32,82|0|0||5928||0|0|0|0|0|0|0||||||01|32,82|1,65|||0,54|01|32,82|7,6|||2,49|4.1.1.01.003|
|C170|25|9920||1|UN|24,22|0|0||5928||0|0|0|0|0|0|0||||||01|24,22|1,65|||0,4|01|24,22|7,6|||1,84|4.1.1.01.003|
|C170|26|9921||2|UN|58,42|0|0||5928||0|0|0|0|0|0|0||||||01|58,42|1,65|||0,96|01|58,42|7,6|||4,44|4.1.1.01.003|
|C170|27|10465||3|UN|110,1|0|0||5928||0|0|0|0|0|0|0||||||01|110,1|1,65|||1,82|01|110,1|7,6|||8,37|4.1.1.01.003|
|C170|28|10853||2|UN|76|0|0||5928||0|0|0|0|0|0|0||||||01|76|1,65|||1,25|01|76|7,6|||5,78|4.1.1.01.003|
|C170|29|10853||10|UN|144,6|0|0||5928||0|0|0|0|0|0|0||||||01|144,6|1,65|||2,39|01|144,6|7,6|||10,99|4.1.1.01.003|
|C170|30|11088||9|UN|130,14|0|0||5928||0|0|0|0|0|0|0||||||01|130,14|1,65|||2,15|01|130,14|7,6|||9,89|4.1.1.01.003|
|C170|31|10424||2|UN|65,12|0|0||5928||0|0|0|0|0|0|0||||||01|65,12|1,65|||1,07|01|65,12|7,6|||4,95|4.1.1.01.003|
|C170|32|11085||10|UN|142,4|0|0||5928||0|0|0|0|0|0|0||||||01|142,4|1,65|||2,35|01|142,4|7,6|||10,82|4.1.1.01.003|
|C170|33|11086||10|UN|142,4|0|0||5928||0|0|0|0|0|0|0||||||01|142,4|1,65|||2,35|01|142,4|7,6|||10,82|4.1.1.01.003|
|C170|34|5887||3|UN|388,89|0|0||5928||0|0|0|0|0|0|0||||||01|388,89|1,65|||6,42|01|388,89|7,6|||29,56|4.1.1.01.003|
|C170|35|4820||1|UN|333,7|0|0||5928||0|0|0|0|0|0|0||||||01|333,7|1,65|||5,51|01|333,7|7,6|||25,36|4.1.1.01.003|
|C170|36|11009||2|UN|27,86|0|0||5928||0|0|0|0|0|0|0||||||01|27,86|1,65|||0,46|01|27,86|7,6|||2,12|4.1.1.01.003|
|C170|37|11248||9|UN|204,57|0|0||5928||0|0|0|0|0|0|0||||||01|204,57|1,65|||3,38|01|204,57|7,6|||15,55|4.1.1.01.003|
|C170|38|10808||4|UN|20,12|0|0||5928||0|0|0|0|0|0|0||||||01|20,12|1,65|||0,33|01|20,12|7,6|||1,53|4.1.1.01.003|
|C170|39|5783||3|UN|151,44|3|0||5928||0|0|0|0|0|0|0||||||01|151,44|1,65|||2,5|01|151,44|7,6|||11,51|4.1.1.01.003|
|C170|40|807||14|MT|1111,46|0|0||5928||0|0|0|0|0|0|0||||||49|1111,46|0|||0|49|1111,46|0|||0|4.1.1.01.003|
|C170|41|11004||3|UN|41,4|0|0||5928||0|0|0|0|0|0|0||||||01|41,4|1,65|||0,68|01|41,4|7,6|||3,15|4.1.1.01.003|
|C170|42|7686||1|UN|29,19|0|0||5928||0|0|0|0|0|0|0||||||01|29,19|1,65|||0,48|01|29,19|7,6|||2,22|4.1.1.01.003|
|C170|43|6259||31|UN|235,91|0|0||5928||0|0|0|0|0|0|0||||||01|235,91|1,65|||3,89|01|235,91|7,6|||17,93|4.1.1.01.003|
|C170|44|8891||14|UN|289,1|0|0||5928||0|0|0|0|0|0|0||||||01|289,1|1,65|||4,77|01|289,1|7,6|||21,97|4.1.1.01.003|
|C170|45|6258||71|UN|342,22|0|0||5928||0|0|0|0|0|0|0||||||01|342,22|1,65|||5,65|01|342,22|7,6|||26,01|4.1.1.01.003|
|C170|46|8892||35|UN|168,7|0|0||5928||0|0|0|0|0|0|0||||||01|168,7|1,65|||2,78|01|168,7|7,6|||12,82|4.1.1.01.003|
|C170|47|6691||38|UN|289,94|0|0||5928||0|0|0|0|0|0|0||||||01|289,94|1,65|||4,78|01|289,94|7,6|||22,04|4.1.1.01.003|
|C170|48|10708||20|UN|255,2|0|0||5928||0|0|0|0|0|0|0||||||01|255,2|1,65|||4,21|01|255,2|7,6|||19,4|4.1.1.01.003|
|C170|49|10576||9|UN|46,62|0|0||5928||0|0|0|0|0|0|0||||||01|46,62|1,65|||0,77|01|46,62|7,6|||3,54|4.1.1.01.003|
|C170|50|10575||14|UN|72,52|0|0||5928||0|0|0|0|0|0|0||||||01|72,52|1,65|||1,2|01|72,52|7,6|||5,51|4.1.1.01.003|
|C170|51|10479||8|UN|111,44|0|0||5928||0|0|0|0|0|0|0||||||01|111,44|1,65|||1,84|01|111,44|7,6|||8,47|4.1.1.01.003|
|C170|52|6637||9|UN|162,27|0|0||5928||0|0|0|0|0|0|0||||||01|162,27|1,65|||2,68|01|162,27|7,6|||12,33|4.1.1.01.003|
|C170|53|10188||10|UN|191,4|0|0||5928||0|0|0|0|0|0|0||||||01|191,4|1,65|||3,16|01|191,4|7,6|||14,55|4.1.1.01.003|
|C170|54|9516||4700|UN|423|0|0||5928||0|0|0|0|0|0|0||||||01|423|1,65|||6,98|01|423|7,6|||32,15|4.1.1.01.003|
|C170|55|5888||5|UN|458,45|0|0||5928||0|0|0|0|0|0|0||||||01|458,45|1,65|||7,56|01|458,45|7,6|||34,84|4.1.1.01.003|
|C170|56|7700||7|UN|79,73|0|0||5928||0|0|0|0|0|0|0||||||01|79,73|1,65|||1,32|01|79,73|7,6|||6,06|4.1.1.01.003|
|C170|57|10070||8|UN|71,36|0|0||5928||0|0|0|0|0|0|0||||||01|71,36|1,65|||1,18|01|71,36|7,6|||5,42|4.1.1.01.003|
|C170|58|10754||3|UN|60,09|0|0||5928||0|0|0|0|0|0|0||||||01|60,09|1,65|||0,99|01|60,09|7,6|||4,57|4.1.1.01.003|
|C170|59|10869||2|UN|98,42|0|0||5928||0|0|0|0|0|0|0||||||01|98,42|1,65|||1,62|01|98,42|7,6|||7,48|4.1.1.01.003|
|C170|60|7701||12|UN|164,04|0|0||5928||0|0|0|0|0|0|0||||||01|164,04|1,65|||2,71|01|164,04|7,6|||12,47|4.1.1.01.003|
|C170|61|10683||5|UN|117,7|0|0||5928||0|0|0|0|0|0|0||||||01|117,7|1,65|||1,94|01|117,7|7,6|||8,95|4.1.1.01.003|
|C170|62|966||80|PC|50,4|0|0||5928||0|0|0|0|0|0|0||||||49|50,4|0|||0|49|50,4|0|||0|4.1.1.01.003|
|C170|63|9909||2|UN|7,3|0|0||5928||0|0|0|0|0|0|0||||||01|7,3|1,65|||0,12|01|7,3|7,6|||0,55|4.1.1.01.003|
|C170|64|9799||8|UN|27,12|0|0||5928||0|0|0|0|0|0|0||||||01|27,12|1,65|||0,45|01|27,12|7,6|||2,06|4.1.1.01.003|
|C170|65|9912||2|UN|7,5|0|0||5928||0|0|0|0|0|0|0||||||01|7,5|1,65|||0,12|01|7,5|7,6|||0,57|4.1.1.01.003|
|C170|66|9913||2|UN|6,78|0|0||5928||0|0|0|0|0|0|0||||||01|6,78|1,65|||0,11|01|6,78|7,6|||0,52|4.1.1.01.003|
|C170|67|9907||2|UN|7,3|0|0||5928||0|0|0|0|0|0|0||||||01|7,3|1,65|||0,12|01|7,3|7,6|||0,55|4.1.1.01.003|
|C170|68|9910||1|UN|3,39|0|0||5928||0|0|0|0|0|0|0||||||01|3,39|1,65|||0,06|01|3,39|7,6|||0,26|4.1.1.01.003|
|C170|69|9908||1|UN|3,75|0|0||5928||0|0|0|0|0|0|0||||||01|3,75|1,65|||0,06|01|3,75|7,6|||0,28|4.1.1.01.003|
|C170|70|9800||10|UN|85,1|0|0||5928||0|0|0|0|0|0|0||||||01|85,1|1,65|||1,4|01|85,1|7,6|||6,47|4.1.1.01.003|
|C170|71|9801||2|UN|15,32|0|0||5928||0|0|0|0|0|0|0||||||01|15,32|1,65|||0,25|01|15,32|7,6|||1,16|4.1.1.01.003|
|C170|72|11169||6|UN|242,34|0|0||5928||0|0|0|0|0|0|0||||||01|242,34|1,65|||4|01|242,34|7,6|||18,42|4.1.1.01.003|
|C100|1|0|08112721000103|55|00|1|2662|31251153614153000195550010000026621000053131|10112025|10112025|58|0|0|0|50|0|8|8|0|50|6|0|0|0|0|0|0|0|
|C170|1|2913||20|UN|50|0|0||5102||50|12|6|0|0|0|0|||50|||49|44|0|||0|49|44|0|||0|4.1.1.01.003|
|C100|1|0|53516507000169|55|00|1|2663|31251153614153000195550010000026631000053210|17112025|17112025|45|0|0|0|45|9|0|0|0|45|5,4|0|0|0|0,65|3,01|0|0|
|C170|1|9561||1|PAR|45|0|0||5102||45|12|5,4|0|0|0|0|||45|||01|39,6|1,65|||0,65|01|39,6|7,6|||3,01|4.1.1.01.003|
|C100|1|0|53515203000187|55|00|1|2664|31251153614153000195550010000026641000053462|25112025|25112025|68|0|0|0|68|9|0|0|0|68|8,16|0|0|0|0|0|0|0|
|C170|1|7001||1|PR|68|0|0||5102||68|12|8,16|0|0|0|0|||68|||49|59,84|0|||0|49|59,84|0|||0|4.1.1.01.003|
|C100|1|0|62258884002422|55|00|1|2665|31251153614153000195550010000026651000053486|25112025|25112025|200|0|0|0|200|9|0|0|0|200|24|0|0|0|2,9|13,37|0|0|
|C170|1|11345||1|UN|140|0|0||5102||140|12|16,8|0|0|0|0|||140|||01|123,2|1,65|||2,03|01|123,2|7,6|||9,36|4.1.1.01.003|
|C170|2|9970||3|UN|60|0|0||5102||60|12|7,2|0|0|0|0|||60|||01|52,8|1,65|||0,87|01|52,8|7,6|||4,01|4.1.1.01.003|
|C100|1|0||65|00|1|1675|31251153614153000195650010000016751000132224|03112025|03112025|58|0|0|0|58|9|0|0|0|0|0|0|0|0|0|0|0|0|
|C175|5102|58||99||||||99||||||1.1.5.01.001||
|C100|1|0||65|00|1|1676|31251153614153000195650010000016761000132302|03112025|03112025|68|0|0|0|68|9|0|0|0|0|0|0|0|0|0|0|0|0|
|C175|5102|68||07||||||07||||||1.1.5.01.001||
|C100|1|0||65|00|1|1677|31251153614153000195650010000016771000132539|03112025|03112025|10|0|0|0|10|9|0|0|0|0|0|0|0|0|0|0|0|0|
|C175|5102|10||99||||||99||||||1.1.5.01.001||
|C100|1|0||65|00|1|1678|31251153614153000195650010000016781000132544|03112025|03112025|150|0|0|0|150|9|0|0|0|0|0|0|0|0|0|0|0|0|
|C175|5102|150||99||||||99||||||1.1.5.01.001||
|C100|1|0||65|00|1|1679|31251153614153000195650010000016791000132614|03112025|03112025|24|0|0|0|24|9|0|0|0|0|0|0|0|0|0|0|0|0|
|C175|5102|24||99||||||99||||||1.1.5.01.001||
|C100|1|0||65|00|1|1680|31251153614153000195650010000016801000132577|03112025|03112025|140|0|0|0|140|9|0|0|0|0|0|0|0|0|0|0|0|0|
|C175|5102|140||99||||||99||||||1.1.5.01.001||
|C100|1|0||65|00|1|1681|31251153614153000195650010000016811000132698|04112025|04112025|8|0|0|0|8|9|0|0|0|0|0|0|0|0|0|0|0|0|
|C175|5102|8|0|01|0|1,65|||0|01|0|7,6|||0|4.1.1.01.003||
|C100|1|0||65|00|1|1682|31251153614153000195650010000016821000132733|04112025|04112025|25|0|0|0|25|9|0|0|0|0|0|0|0|0|0|0|0|0|
|C175|5102|25||99||||||99||||||4.1.1.01.003||
|C100|1|0||65|00|1|1683|31251153614153000195650010000016831000132900|04112025|04112025|118|0|0|0|118|9|0|0|0|0|0|0|0|0|0|0|0|0|
|C175|5102|118||99||||||99||||||1.1.5.01.001||
|C100|1|0||65|00|1|1684|31251153614153000195650010000016841000132916|04112025|04112025|68|0|0|0|68|9|0|0|0|0|0|0|0|0|0|0|0|0|
|C175|5102|68||99||||||99||||||1.1.5.01.001||
|C100|1|0||65|00|1|1686|31251153614153000195650010000016861000133100|05112025|05112025|165|0|0|0|165|9|0|0|0|0|0|0|0|0|0|0|0|0|
|C175|5102|165||99||||||99||||||1.1.5.01.001||
|C100|1|0||65|00|1|1693|31251153614153000195650010000016931000136260|21112025|21112025|695|0|0|0|695|9|0|0|0|0|0|0|0|0|0|0|0|0|
|C175|5102|695||99||||||99||||||1.1.5.01.001||
|C990|1032|
|D001|1|
|D990|2|
|F001|1|
|F990|2|
|I001|1|
|I990|2|
|M001|0|
|M200|2243,03|0|0|2243,03|0|0|2243,03|0|0|0|0|2243,03|
|M205|08|691201|2243,03|
|M210|01|136139,75|135941,19|0|0|135941,19|1,65|0||2243,03|0|0|0|0|2243,03|
|M400|07|68|1.1.5.01.001||
|M410|999|68|4.1.1.01.003||
|M600|10331,53|0|0|10331,53|0|0|10331,53|0|0|0|0|10331,53|
|M605|08|585601|10331,53|
|M610|01|136139,75|135941,19|0|0|135941,19|7,6|0||10331,53|0|0|0|0|10331,53|
|M800|07|68|1.1.5.01.001||
|M810|999|68|4.1.1.01.003||
|M990|12|
|P001|1|
|P990|2|
|1001|1|
|1990|2|
|9001|0|
|9900|0000|1|
|9900|0001|1|
|9900|0100|1|
|9900|0110|1|
|9900|0140|1|
|9900|0150|10|
|9900|0190|7|
|9900|0200|950|
|9900|0500|2|
|9900|0990|1|
|9900|A001|1|
|9900|A990|1|
|9900|C001|1|
|9900|C010|1|
|9900|C100|40|
|9900|C170|977|
|9900|C175|12|
|9900|C990|1|
|9900|D001|1|
|9900|D990|1|
|9900|F001|1|
|9900|F990|1|
|9900|I001|1|
|9900|I990|1|
|9900|M001|1|
|9900|M200|1|
|9900|M205|1|
|9900|M210|1|
|9900|M400|1|
|9900|M410|1|
|9900|M600|1|
|9900|M605|1|
|9900|M610|1|
|9900|M800|1|
|9900|M810|1|
|9900|M990|1|
|9900|P001|1|
|9900|P990|1|
|9900|1001|1|
|9900|1990|1|
|9900|9001|1|
|9900|9990|1|
|9900|9999|1|
|9900|9900|44|
|9990|47|
|9999|2078|
